Region,Country,"Item Type","Sales Channel","Order Priority","Order Date","Order ID","Ship Date","Units Sold","Unit Price","Unit Cost","Total Revenue","Total Cost","Total Profit"
"Middle East and North Africa",Libya,Fruits,Offline,H,2/22/2014,476172196,3/16/2014,8789,9.33,6.92,82001.37,60819.88,21181.49
"Sub-Saharan Africa","Republic of the Congo",Clothes,Online,H,5/6/2017,708540332,6/5/2017,1684,109.28,35.84,184027.52,60354.56,123672.96
"Middle East and North Africa",Afghanistan,"Office Supplies",Online,C,10/23/2014,974705159,11/8/2014,5772,651.21,524.96,3758784.12,3030069.12,728715.00
"Central America and the Caribbean","Antigua and Barbuda ","Baby Food",Offline,H,9/5/2011,793465507,10/14/2011,2931,255.28,159.42,748225.68,467260.02,280965.66
"Sub-Saharan Africa","Seychelles ",Snacks,Online,L,2/22/2014,203932702,3/7/2014,7073,152.58,97.44,1079198.34,689193.12,390005.22
Europe,Liechtenstein,Vegetables,Offline,M,7/20/2010,215530574,9/6/2010,9141,154.06,90.93,1408262.46,831191.13,577071.33
Europe,Latvia,Household,Online,C,1/2/2013,557995450,1/14/2013,2108,668.27,502.54,1408713.16,1059354.32,349358.84
Europe,Norway,Cereal,Online,H,10/8/2015,131376159,10/24/2015,5980,205.70,117.11,1230086.00,700317.80,529768.20
Asia,"South Korea",Clothes,Offline,M,2/23/2014,156034028,3/24/2014,2791,109.28,35.84,305000.48,100029.44,204971.04
Asia,"Sri Lanka",Household,Offline,C,11/19/2015,122642886,12/1/2015,1610,668.27,502.54,1075914.70,809089.40,266825.30
Europe,Kosovo,Snacks,Online,M,8/20/2014,942189061,9/27/2014,3536,152.58,97.44,539522.88,344547.84,194975.04
Asia,Malaysia,Cereal,Online,M,6/27/2016,895971381,7/15/2016,6697,205.70,117.11,1377572.90,784285.67,593287.23
"Middle East and North Africa",Lebanon,Fruits,Offline,H,6/9/2013,585601174,7/7/2013,1256,9.33,6.92,11718.48,8691.52,3026.96
"Middle East and North Africa",Syria,Cosmetics,Offline,L,6/28/2017,683002269,7/28/2017,4404,437.20,263.33,1925428.80,1159705.32,765723.48
"North America",Mexico,Fruits,Online,M,6/1/2011,580410993,7/21/2011,5366,9.33,6.92,50064.78,37132.72,12932.06
"Sub-Saharan Africa","Mauritius ",Fruits,Offline,C,2/15/2013,640376174,2/18/2013,395,9.33,6.92,3685.35,2733.40,951.95
"Sub-Saharan Africa",Chad,"Personal Care",Online,H,4/25/2011,845759141,5/12/2011,7779,81.73,56.67,635777.67,440835.93,194941.74
"Middle East and North Africa",Morocco,Snacks,Online,C,8/31/2014,349733722,9/8/2014,2835,152.58,97.44,432564.30,276242.40,156321.90
"Middle East and North Africa","Tunisia ",Cereal,Online,H,3/17/2010,625786244,3/23/2010,2911,205.70,117.11,598792.70,340907.21,257885.49
Asia,Singapore,Clothes,Online,C,7/19/2012,517715537,8/16/2012,2387,109.28,35.84,260851.36,85550.08,175301.28
"Australia and Oceania","Papua New Guinea","Baby Food",Online,H,8/20/2014,289632928,8/25/2014,7674,255.28,159.42,1959018.72,1223389.08,735629.64
Europe,Macedonia,Beverages,Online,H,4/7/2014,275962245,4/14/2014,2216,47.45,31.79,105149.20,70446.64,34702.56
"Australia and Oceania",Australia,Meat,Offline,L,4/22/2010,431439816,5/7/2010,1484,421.89,364.69,626084.76,541199.96,84884.80
Europe,Denmark,Snacks,Online,C,1/16/2014,781114470,1/17/2014,7985,152.58,97.44,1218351.30,778058.40,440292.90
Europe,Liechtenstein,"Personal Care",Offline,M,2/12/2015,970347535,4/3/2015,6254,81.73,56.67,511139.42,354414.18,156725.24
"Middle East and North Africa",Yemen,Clothes,Offline,C,8/1/2015,714812839,9/3/2015,7859,109.28,35.84,858831.52,281666.56,577164.96
"Australia and Oceania",Palau,Beverages,Online,C,12/30/2010,250496709,2/3/2011,6398,47.45,31.79,303585.10,203392.42,100192.68
"Sub-Saharan Africa",Uganda,Clothes,Offline,L,11/25/2016,783697974,12/26/2016,2501,109.28,35.84,273309.28,89635.84,183673.44
Europe,Lithuania,Clothes,Offline,H,1/19/2012,441027963,1/27/2012,8830,109.28,35.84,964942.40,316467.20,648475.20
"Middle East and North Africa",Egypt,Meat,Offline,C,5/3/2010,119410502,6/15/2010,5076,421.89,364.69,2141513.64,1851166.44,290347.20
"Sub-Saharan Africa",Lesotho,Vegetables,Offline,C,7/27/2011,336081922,8/18/2011,2964,154.06,90.93,456633.84,269516.52,187117.32
"Middle East and North Africa","Saudi Arabia","Personal Care",Offline,M,11/2/2012,778591048,11/26/2012,1248,81.73,56.67,101999.04,70724.16,31274.88
Europe,Latvia,Meat,Online,C,4/19/2012,754799211,5/28/2012,715,421.89,364.69,301651.35,260753.35,40898.00
Europe,"Vatican City",Vegetables,Offline,M,12/16/2012,542880237,1/31/2013,9181,154.06,90.93,1414424.86,834828.33,579596.53
"Sub-Saharan Africa",Liberia,"Baby Food",Offline,M,4/26/2011,941320455,6/1/2011,6496,255.28,159.42,1658298.88,1035592.32,622706.56
"Sub-Saharan Africa","Cote d'Ivoire",Clothes,Online,C,4/16/2016,118918693,5/25/2016,9539,109.28,35.84,1042421.92,341877.76,700544.16
"Sub-Saharan Africa",Guinea,Fruits,Online,H,2/25/2015,364786279,4/16/2015,7221,9.33,6.92,67371.93,49969.32,17402.61
"Sub-Saharan Africa",Ethiopia,Meat,Offline,M,3/4/2015,438347041,4/23/2015,5485,421.89,364.69,2314066.65,2000324.65,313742.00
Europe,Italy,Fruits,Online,H,2/5/2017,519337308,3/10/2017,2305,9.33,6.92,21505.65,15950.60,5555.05
"Sub-Saharan Africa",Kenya,Fruits,Online,L,5/28/2011,857805907,6/30/2011,2685,9.33,6.92,25051.05,18580.20,6470.85
"Australia and Oceania",Kiribati,Cereal,Offline,M,4/30/2012,424114167,6/17/2012,3662,205.70,117.11,753273.40,428856.82,324416.58
"Middle East and North Africa",Somalia,Fruits,Offline,C,4/4/2016,958935916,4/15/2016,9302,9.33,6.92,86787.66,64369.84,22417.82
"Australia and Oceania","Samoa ",Fruits,Offline,M,1/23/2013,223257482,2/13/2013,5705,9.33,6.92,53227.65,39478.60,13749.05
"Sub-Saharan Africa",Mali,Meat,Online,C,8/11/2012,548377692,8/25/2012,6000,421.89,364.69,2531340.00,2188140.00,343200.00
Europe,"Bosnia and Herzegovina",Fruits,Offline,M,9/10/2010,285907876,10/21/2010,5349,9.33,6.92,49906.17,37015.08,12891.09
Europe,Lithuania,Snacks,Online,L,7/8/2015,557771861,8/16/2015,5943,152.58,97.44,906782.94,579085.92,327697.02
"Australia and Oceania","Papua New Guinea",Cosmetics,Online,L,8/23/2013,306205976,8/31/2013,2008,437.20,263.33,877897.60,528766.64,349130.96
"Middle East and North Africa",Oman,Household,Online,L,8/19/2011,343759047,9/29/2011,4796,668.27,502.54,3205022.92,2410181.84,794841.08
Europe,Andorra,"Baby Food",Online,L,2/6/2017,203292405,3/16/2017,7595,255.28,159.42,1938851.60,1210794.90,728056.70
"Sub-Saharan Africa",Angola,Vegetables,Online,H,3/25/2012,387979876,5/5/2012,722,154.06,90.93,111231.32,65651.46,45579.86
"Sub-Saharan Africa",Guinea-Bissau,Vegetables,Offline,C,7/23/2010,121307790,7/26/2010,6526,154.06,90.93,1005395.56,593409.18,411986.38
Europe,Luxembourg,Snacks,Offline,C,4/30/2015,497074973,5/20/2015,4385,152.58,97.44,669063.30,427274.40,241788.90
"Middle East and North Africa","United Arab Emirates",Meat,Offline,H,9/14/2015,429392755,10/30/2015,5713,421.89,364.69,2410257.57,2083473.97,326783.60
Europe,Latvia,Cereal,Online,H,4/7/2013,702684962,5/1/2013,8950,205.70,117.11,1841015.00,1048134.50,792880.50
"Sub-Saharan Africa",Liberia,Snacks,Offline,H,9/2/2010,821687924,9/15/2010,4571,152.58,97.44,697443.18,445398.24,252044.94
"Sub-Saharan Africa",Madagascar,"Office Supplies",Offline,C,6/2/2015,361450469,6/12/2015,81,651.21,524.96,52748.01,42521.76,10226.25
"Sub-Saharan Africa",Angola,Cereal,Online,M,5/11/2013,317333924,6/2/2013,5015,205.70,117.11,1031585.50,587306.65,444278.85
Asia,India,Fruits,Online,L,5/4/2010,855012118,6/21/2010,5941,9.33,6.92,55429.53,41111.72,14317.81
Europe,"Moldova ",Beverages,Offline,H,4/8/2013,860471379,5/25/2013,1458,47.45,31.79,69182.10,46349.82,22832.28
"Sub-Saharan Africa",Kenya,Meat,Online,M,3/11/2011,190010535,3/29/2011,7195,421.89,364.69,3035498.55,2623944.55,411554.00
"Sub-Saharan Africa",Swaziland,Snacks,Offline,C,12/7/2016,120240914,1/1/2017,813,152.58,97.44,124047.54,79218.72,44828.82
"Australia and Oceania",Palau,Cereal,Offline,C,4/24/2010,198086345,5/12/2010,7006,205.70,117.11,1441134.20,820472.66,620661.54
Asia,Philippines,Beverages,Online,H,1/26/2010,490783154,2/4/2010,2497,47.45,31.79,118482.65,79379.63,39103.02
"Sub-Saharan Africa",Ghana,Vegetables,Offline,M,1/30/2017,235880172,2/2/2017,1039,154.06,90.93,160068.34,94476.27,65592.07
Europe,France,Cereal,Online,H,7/28/2010,991238725,8/10/2010,8421,205.70,117.11,1732199.70,986183.31,746016.39
"Central America and the Caribbean",Guatemala,Clothes,Online,L,6/23/2012,785032641,8/6/2012,7459,109.28,35.84,815119.52,267330.56,547788.96
"Middle East and North Africa",Kuwait,Beverages,Offline,M,7/6/2015,865748250,7/17/2015,3001,47.45,31.79,142397.45,95401.79,46995.66
"Middle East and North Africa",Bahrain,Cosmetics,Online,M,3/27/2017,752184379,4/18/2017,6928,437.20,263.33,3028921.60,1824350.24,1204571.36
Europe,Netherlands,Beverages,Online,L,4/12/2016,483452355,5/25/2016,3150,47.45,31.79,149467.50,100138.50,49329.00
Europe,Greece,Meat,Online,H,2/15/2016,168976008,3/18/2016,2611,421.89,364.69,1101554.79,952205.59,149349.20
Asia,Uzbekistan,Cosmetics,Offline,L,9/26/2013,438491666,10/5/2013,8283,437.20,263.33,3621327.60,2181162.39,1440165.21
Europe,Ireland,Fruits,Online,C,12/11/2010,192048156,1/12/2011,172,9.33,6.92,1604.76,1190.24,414.52
"Central America and the Caribbean",Cuba,Household,Offline,C,8/19/2010,650006806,9/11/2010,313,668.27,502.54,209168.51,157295.02,51873.49
"Central America and the Caribbean","Saint Kitts and Nevis ",Household,Online,M,12/19/2012,403041446,1/30/2013,7775,668.27,502.54,5195799.25,3907248.50,1288550.75
Europe,"Czech Republic","Baby Food",Offline,C,8/11/2011,362138402,8/22/2011,3656,255.28,159.42,933303.68,582839.52,350464.16
"Sub-Saharan Africa",Mauritania,Household,Online,H,8/21/2012,608596503,10/3/2012,6085,668.27,502.54,4066422.95,3057955.90,1008467.05
"Middle East and North Africa",Egypt,Meat,Online,C,8/20/2015,844027078,8/31/2015,5223,421.89,364.69,2203531.47,1904775.87,298755.60
"Sub-Saharan Africa",Nigeria,Fruits,Online,M,6/11/2017,840353953,7/11/2017,8264,9.33,6.92,77103.12,57186.88,19916.24
"Middle East and North Africa",Bahrain,"Office Supplies",Online,M,12/28/2015,889813458,1/22/2016,4431,651.21,524.96,2885511.51,2326097.76,559413.75
"Sub-Saharan Africa",Sudan,Snacks,Online,H,1/15/2014,454954421,1/25/2014,9978,152.58,97.44,1522443.24,972256.32,550186.92
"Central America and the Caribbean",Haiti,Household,Online,M,6/7/2015,418638169,6/22/2015,3192,668.27,502.54,2133117.84,1604107.68,529010.16
Europe,Hungary,"Personal Care",Offline,H,9/13/2013,834038531,9/17/2013,9390,81.73,56.67,767444.70,532131.30,235313.40
Asia,Kyrgyzstan,Snacks,Online,C,1/10/2011,474641835,1/18/2011,5921,152.58,97.44,903426.18,576942.24,326483.94
"Australia and Oceania",Tonga,Clothes,Online,C,6/10/2014,884246909,7/24/2014,7165,109.28,35.84,782991.20,256793.60,526197.60
Europe,Croatia,Vegetables,Online,L,11/20/2016,526965081,1/2/2017,9533,154.06,90.93,1468653.98,866835.69,601818.29
"Central America and the Caribbean","Saint Lucia",Beverages,Online,C,3/3/2016,637220180,3/26/2016,6466,47.45,31.79,306811.70,205554.14,101257.56
Europe,"Moldova ","Office Supplies",Online,L,2/25/2011,269748532,3/16/2011,3440,651.21,524.96,2240162.40,1805862.40,434300.00
Europe,"Vatican City",Clothes,Online,M,2/14/2013,349598968,2/14/2013,2958,109.28,35.84,323250.24,106014.72,217235.52
"Sub-Saharan Africa",Cameroon,Snacks,Offline,M,9/20/2011,522132813,9/21/2011,9557,152.58,97.44,1458207.06,931234.08,526972.98
Asia,Kyrgyzstan,Meat,Offline,M,7/27/2016,503023898,9/10/2016,4805,421.89,364.69,2027181.45,1752335.45,274846.00
"Sub-Saharan Africa",Angola,Vegetables,Offline,L,8/29/2015,528258550,9/13/2015,2299,154.06,90.93,354183.94,209048.07,145135.87
"Sub-Saharan Africa",Zimbabwe,Cereal,Offline,C,12/15/2016,904135596,1/22/2017,2670,205.70,117.11,549219.00,312683.70,236535.30
Asia,Uzbekistan,Fruits,Online,H,5/13/2014,657266366,7/2/2014,8578,9.33,6.92,80032.74,59359.76,20672.98
Asia,India,"Office Supplies",Offline,L,3/12/2014,684574687,4/6/2014,9718,651.21,524.96,6328458.78,5101561.28,1226897.50
"Middle East and North Africa",Iran,Snacks,Online,C,4/5/2016,603296887,4/9/2016,7810,152.58,97.44,1191649.80,761006.40,430643.40
"Central America and the Caribbean",Barbados,Beverages,Offline,M,1/31/2010,100981795,2/13/2010,1612,47.45,31.79,76489.40,51245.48,25243.92
Asia,Laos,Beverages,Offline,M,7/14/2016,285490739,8/27/2016,1909,47.45,31.79,90582.05,60687.11,29894.94
"Australia and Oceania",Nauru,Beverages,Online,C,11/25/2015,534997546,12/18/2015,6518,47.45,31.79,309279.10,207207.22,102071.88
Europe,Hungary,Cereal,Online,L,4/2/2012,747988545,5/17/2012,5287,205.70,117.11,1087535.90,619160.57,468375.33
"Sub-Saharan Africa","Sierra Leone",Meat,Offline,L,7/7/2014,893262565,8/13/2014,5098,421.89,364.69,2150795.22,1859189.62,291605.60
