Region,Country,"Item Type","Sales Channel","Order Priority","Order Date","Order ID","Ship Date","Units Sold","Unit Price","Unit Cost","Total Revenue","Total Cost","Total Profit"
"Sub-Saharan Africa",Angola,Household,Online,M,9/6/2015,869611489,10/26/2015,6219,668.27,502.54,4155971.13,3125296.26,1030674.87
Europe,Albania,Clothes,Online,H,7/17/2011,737178599,8/1/2011,6384,109.28,35.84,697643.52,228802.56,468840.96
"Australia and Oceania",Palau,"Personal Care",Online,C,1/4/2013,193815839,2/7/2013,3269,81.73,56.67,267175.37,185254.23,81921.14
"Australia and Oceania",Palau,Fruits,Online,M,7/3/2011,952072036,8/18/2011,8127,9.33,6.92,75824.91,56238.84,19586.07
Europe,Liechtenstein,Clothes,Offline,H,8/20/2014,744808518,8/23/2014,4247,109.28,35.84,464112.16,152212.48,311899.68
"Sub-Saharan Africa",Liberia,Cereal,Offline,M,2/28/2012,975199115,4/17/2012,1944,205.70,117.11,399880.80,227661.84,172218.96
"North America",Canada,Beverages,Offline,M,1/17/2010,866730153,2/22/2010,3568,47.45,31.79,169301.60,113426.72,55874.88
Europe,Malta,Fruits,Online,M,7/14/2011,613200461,7/21/2011,8498,9.33,6.92,79286.34,58806.16,20480.18
"Middle East and North Africa",Algeria,"Personal Care",Offline,C,5/9/2013,928721368,5/27/2013,8146,81.73,56.67,665772.58,461633.82,204138.76
"Sub-Saharan Africa",Liberia,"Personal Care",Offline,M,2/6/2017,797716701,2/20/2017,954,81.73,56.67,77970.42,54063.18,23907.24
Europe,Croatia,Clothes,Offline,L,4/11/2010,624922788,4/13/2010,7395,109.28,35.84,808125.60,265036.80,543088.80
Asia,Malaysia,"Personal Care",Online,H,7/12/2015,885388457,8/10/2015,4975,81.73,56.67,406606.75,281933.25,124673.50
Europe,Cyprus,"Office Supplies",Offline,M,2/17/2011,774475038,2/19/2011,3229,651.21,524.96,2102757.09,1695095.84,407661.25
"Sub-Saharan Africa","Cape Verde","Personal Care",Offline,L,7/4/2010,457856357,7/24/2010,8725,81.73,56.67,713094.25,494445.75,218648.50
"Sub-Saharan Africa","Democratic Republic of the Congo",Cosmetics,Offline,H,12/28/2012,621518743,2/9/2013,62,437.20,263.33,27106.40,16326.46,10779.94
Europe,Cyprus,Meat,Offline,L,3/16/2015,221761023,4/4/2015,2870,421.89,364.69,1210824.30,1046660.30,164164.00
Europe,Croatia,Meat,Offline,M,10/28/2014,535194528,11/9/2014,4809,421.89,364.69,2028869.01,1753794.21,275074.80
"Sub-Saharan Africa",Tanzania,Cosmetics,Offline,L,5/21/2014,208743083,6/12/2014,572,437.20,263.33,250078.40,150624.76,99453.64
"Middle East and North Africa",Algeria,"Office Supplies",Online,L,6/26/2017,209643018,7/9/2017,6883,651.21,524.96,4482278.43,3613299.68,868978.75
"Central America and the Caribbean","Costa Rica",Cosmetics,Online,M,6/5/2017,675443160,7/11/2017,7496,437.20,263.33,3277251.20,1973921.68,1303329.52
"North America",Greenland,"Baby Food",Offline,C,2/25/2016,464004838,3/3/2016,8198,255.28,159.42,2092785.44,1306925.16,785860.28
"Sub-Saharan Africa",Malawi,Household,Online,M,11/17/2012,303501880,12/17/2012,1806,668.27,502.54,1206895.62,907587.24,299308.38
Asia,Cambodia,Clothes,Online,H,6/22/2015,542420613,7/13/2015,3168,109.28,35.84,346199.04,113541.12,232657.92
"Middle East and North Africa",Somalia,Snacks,Online,H,11/29/2013,699559867,1/5/2014,4165,152.58,97.44,635495.70,405837.60,229658.10
Europe,Latvia,Cosmetics,Online,C,5/29/2014,814030969,7/13/2014,8708,437.20,263.33,3807137.60,2293077.64,1514059.96
"Sub-Saharan Africa","Mauritius ",Fruits,Offline,L,11/9/2012,995257747,11/9/2012,7739,9.33,6.92,72204.87,53553.88,18650.99
"Sub-Saharan Africa","Cote d'Ivoire",Vegetables,Online,L,10/25/2013,972976529,11/20/2013,4232,154.06,90.93,651981.92,384815.76,267166.16
"Sub-Saharan Africa","Democratic Republic of the Congo",Household,Offline,M,7/11/2011,547236144,8/9/2011,8191,668.27,502.54,5473799.57,4116305.14,1357494.43
Europe,Belgium,Cosmetics,Online,M,6/12/2016,938397920,7/14/2016,1653,437.20,263.33,722691.60,435284.49,287407.11
Europe,Germany,Cosmetics,Online,C,8/10/2013,737135684,9/22/2013,3685,437.20,263.33,1611082.00,970371.05,640710.95
"Sub-Saharan Africa","Burkina Faso","Office Supplies",Online,H,10/22/2011,854435765,11/26/2011,5385,651.21,524.96,3506765.85,2826909.60,679856.25
Europe,Malta,Beverages,Offline,L,2/15/2017,471596992,3/9/2017,4885,47.45,31.79,231793.25,155294.15,76499.10
"Central America and the Caribbean","Trinidad and Tobago",Vegetables,Online,L,12/30/2013,190230691,1/26/2014,2344,154.06,90.93,361116.64,213139.92,147976.72
"Sub-Saharan Africa",Namibia,"Personal Care",Online,L,6/1/2014,682260692,6/13/2014,4955,81.73,56.67,404972.15,280799.85,124172.30
Europe,Armenia,Cosmetics,Online,H,4/21/2016,439923322,4/27/2016,1942,437.20,263.33,849042.40,511386.86,337655.54
"Sub-Saharan Africa",Gabon,Clothes,Online,M,11/10/2014,725767409,12/2/2014,9559,109.28,35.84,1044607.52,342594.56,702012.96
"Sub-Saharan Africa","Seychelles ",Snacks,Offline,M,11/29/2013,622654283,1/6/2014,6094,152.58,97.44,929822.52,593799.36,336023.16
"Central America and the Caribbean",Jamaica,Clothes,Online,H,7/30/2014,183757770,8/18/2014,6862,109.28,35.84,749879.36,245934.08,503945.28
"Australia and Oceania","Federated States of Micronesia",Beverages,Offline,C,6/18/2011,882564198,8/4/2011,9214,47.45,31.79,437204.30,292913.06,144291.24
Asia,Tajikistan,Meat,Offline,H,8/4/2011,662872397,9/10/2011,7528,421.89,364.69,3175987.92,2745386.32,430601.60
Europe,Denmark,Snacks,Offline,C,6/27/2015,688793694,7/19/2015,8216,152.58,97.44,1253597.28,800567.04,453030.24
"Middle East and North Africa",Bahrain,Beverages,Online,L,5/19/2013,394751918,6/8/2013,4720,47.45,31.79,223964.00,150048.80,73915.20
Asia,Maldives,Clothes,Offline,H,9/15/2011,635483396,9/29/2011,2513,109.28,35.84,274620.64,90065.92,184554.72
"Australia and Oceania",Fiji,Vegetables,Online,M,3/6/2014,536036956,3/31/2014,4102,154.06,90.93,631954.12,372994.86,258959.26
Europe,Russia,"Personal Care",Offline,H,6/9/2010,641773927,7/17/2010,4021,81.73,56.67,328636.33,227870.07,100766.26
"Sub-Saharan Africa",Rwanda,Fruits,Online,C,2/10/2010,668368136,3/5/2010,3839,9.33,6.92,35817.87,26565.88,9251.99
Asia,Maldives,Beverages,Offline,M,4/30/2016,851805913,5/17/2016,7154,47.45,31.79,339457.30,227425.66,112031.64
"Central America and the Caribbean",Dominica,Meat,Offline,C,5/6/2014,598386085,6/20/2014,4595,421.89,364.69,1938584.55,1675750.55,262834.00
"Sub-Saharan Africa",Cameroon,Fruits,Online,H,3/14/2013,734719979,4/26/2013,8824,9.33,6.92,82327.92,61062.08,21265.84
Asia,Maldives,Beverages,Online,H,8/22/2011,357731425,9/27/2011,9533,47.45,31.79,452340.85,303054.07,149286.78
Europe,Georgia,Clothes,Online,C,1/18/2017,884656751,1/31/2017,8446,109.28,35.84,922978.88,302704.64,620274.24
Europe,Spain,Cereal,Offline,C,5/18/2011,203044784,5/21/2011,4318,205.70,117.11,888212.60,505680.98,382531.62
Europe,Ireland,Cosmetics,Offline,C,6/28/2015,320756852,8/12/2015,7935,437.20,263.33,3469182.00,2089523.55,1379658.45
"Middle East and North Africa",Yemen,Fruits,Offline,H,4/1/2017,615966784,4/17/2017,7115,9.33,6.92,66382.95,49235.80,17147.15
Europe,Croatia,Vegetables,Offline,C,2/27/2013,987160909,3/9/2013,1705,154.06,90.93,262672.30,155035.65,107636.65
Asia,Laos,Meat,Offline,H,2/19/2012,503138053,2/26/2012,8586,421.89,364.69,3622347.54,3131228.34,491119.20
"Australia and Oceania",Palau,Meat,Online,M,8/6/2016,553009545,8/7/2016,6668,421.89,364.69,2813162.52,2431752.92,381409.60
"Sub-Saharan Africa",Mozambique,"Office Supplies",Offline,H,2/2/2011,796199214,2/24/2011,1896,651.21,524.96,1234694.16,995324.16,239370.00
Europe,Hungary,Beverages,Online,H,7/8/2011,512443387,7/24/2011,2241,47.45,31.79,106335.45,71241.39,35094.06
"Sub-Saharan Africa",Chad,Clothes,Offline,H,12/1/2015,851790893,12/18/2015,2709,109.28,35.84,296039.52,97090.56,198948.96
"Sub-Saharan Africa",Niger,Meat,Online,C,10/25/2015,784603059,11/14/2015,336,421.89,364.69,141755.04,122535.84,19219.20
"Middle East and North Africa",Afghanistan,Household,Online,C,3/2/2015,251553714,3/13/2015,9189,668.27,502.54,6140733.03,4617840.06,1522892.97
"Sub-Saharan Africa",Zimbabwe,Clothes,Online,L,6/1/2011,613629186,7/10/2011,5367,109.28,35.84,586505.76,192353.28,394152.48
"Sub-Saharan Africa","Mauritius ",Fruits,Offline,H,6/7/2014,602128303,7/16/2014,2000,9.33,6.92,18660.00,13840.00,4820.00
Europe,Luxembourg,Fruits,Offline,H,6/6/2012,368662393,6/16/2012,4249,9.33,6.92,39643.17,29403.08,10240.09
"Central America and the Caribbean","Saint Lucia",Fruits,Offline,C,8/16/2013,135155284,9/27/2013,4307,9.33,6.92,40184.31,29804.44,10379.87
Europe,Hungary,Cereal,Online,L,2/23/2012,643843305,3/30/2012,6396,205.70,117.11,1315657.20,749035.56,566621.64
"Sub-Saharan Africa",Mali,Cereal,Offline,M,7/19/2014,907275283,8/18/2014,1773,205.70,117.11,364706.10,207636.03,157070.07
Asia,Myanmar,Cosmetics,Offline,H,4/23/2013,458312547,5/21/2013,3722,437.20,263.33,1627258.40,980114.26,647144.14
"Sub-Saharan Africa","Cote d'Ivoire",Fruits,Online,C,4/29/2013,700128924,5/20/2013,2562,9.33,6.92,23903.46,17729.04,6174.42
Asia,Thailand,Cereal,Online,C,12/29/2012,856210744,1/12/2013,641,205.70,117.11,131853.70,75067.51,56786.19
Asia,Mongolia,"Personal Care",Online,M,7/21/2015,220356833,9/8/2015,7339,81.73,56.67,599816.47,415901.13,183915.34
Europe,Armenia,Vegetables,Online,H,3/1/2010,406678521,4/2/2010,4067,154.06,90.93,626562.02,369812.31,256749.71
"Sub-Saharan Africa",Madagascar,"Baby Food",Online,C,7/25/2013,399599635,8/1/2013,9267,255.28,159.42,2365679.76,1477345.14,888334.62
"Central America and the Caribbean",Grenada,"Baby Food",Online,L,4/2/2013,603856503,5/5/2013,3413,255.28,159.42,871270.64,544100.46,327170.18
Asia,"North Korea",Beverages,Online,L,9/26/2016,594497954,9/30/2016,4011,47.45,31.79,190321.95,127509.69,62812.26
Europe,Kosovo,"Baby Food",Online,H,6/8/2017,466885316,7/8/2017,595,255.28,159.42,151891.60,94854.90,57036.70
"Middle East and North Africa","United Arab Emirates",Household,Offline,C,8/16/2013,386692416,8/24/2013,9734,668.27,502.54,6504940.18,4891724.36,1613215.82
"Middle East and North Africa",Kuwait,"Baby Food",Offline,C,3/18/2012,139905583,5/7/2012,26,255.28,159.42,6637.28,4144.92,2492.36
Asia,Taiwan,Fruits,Offline,C,5/22/2017,482823646,5/24/2017,7101,9.33,6.92,66252.33,49138.92,17113.41
"Sub-Saharan Africa",Mozambique,Vegetables,Offline,H,9/10/2011,892057931,10/10/2011,8620,154.06,90.93,1327997.20,783816.60,544180.60
"North America",Canada,"Office Supplies",Online,H,10/19/2012,914532268,11/19/2012,9276,651.21,524.96,6040623.96,4869528.96,1171095.00
Europe,Cyprus,Vegetables,Offline,L,9/25/2016,617482984,10/16/2016,5792,154.06,90.93,892315.52,526666.56,365648.96
"Sub-Saharan Africa",Burundi,Snacks,Online,M,10/20/2016,138458907,10/22/2016,1922,152.58,97.44,293258.76,187279.68,105979.08
"Australia and Oceania",Tuvalu,Household,Online,M,12/11/2014,135321366,1/19/2015,3454,668.27,502.54,2308204.58,1735773.16,572431.42
Asia,Bangladesh,Household,Online,L,5/19/2010,436244189,6/23/2010,3205,668.27,502.54,2141805.35,1610640.70,531164.65
Europe,Ireland,Cosmetics,Offline,H,12/19/2010,489713704,12/25/2010,6022,437.20,263.33,2632818.40,1585773.26,1047045.14
"Middle East and North Africa",Bahrain,Beverages,Online,C,4/7/2014,714528739,4/17/2014,3787,47.45,31.79,179693.15,120388.73,59304.42
Europe,Belarus,Cosmetics,Online,M,5/3/2011,249800622,5/18/2011,410,437.20,263.33,179252.00,107965.30,71286.70
Asia,Myanmar,"Office Supplies",Online,H,3/23/2013,104953181,4/18/2013,6833,651.21,524.96,4449717.93,3587051.68,862666.25
"Sub-Saharan Africa",Guinea-Bissau,Snacks,Offline,C,11/28/2016,909722745,12/11/2016,6031,152.58,97.44,920209.98,587660.64,332549.34
"Australia and Oceania","New Zealand",Household,Offline,L,8/21/2016,664158141,9/27/2016,8008,668.27,502.54,5351506.16,4024340.32,1327165.84
Asia,Uzbekistan,Cereal,Offline,L,4/20/2015,588620698,5/6/2015,4800,205.70,117.11,987360.00,562128.00,425232.00
"Middle East and North Africa",Kuwait,"Baby Food",Offline,C,1/21/2013,173784244,2/3/2013,5474,255.28,159.42,1397402.72,872665.08,524737.64
"Australia and Oceania",Australia,Meat,Online,M,2/22/2011,330635106,4/13/2011,1130,421.89,364.69,476735.70,412099.70,64636.00
Europe,"San Marino","Office Supplies",Offline,L,8/24/2015,240472114,9/30/2015,9897,651.21,524.96,6445025.37,5195529.12,1249496.25
"Australia and Oceania",Fiji,Meat,Offline,C,12/26/2010,504906594,12/26/2010,1936,421.89,364.69,816779.04,706039.84,110739.20
"Sub-Saharan Africa",Djibouti,Household,Offline,C,9/26/2016,895862376,9/29/2016,4440,668.27,502.54,2967118.80,2231277.60,735841.20
"Middle East and North Africa",Oman,Vegetables,Offline,M,9/4/2015,805575788,9/26/2015,6632,154.06,90.93,1021725.92,603047.76,418678.16
Asia,Thailand,Fruits,Offline,C,7/27/2010,596595656,8/16/2010,4767,9.33,6.92,44476.11,32987.64,11488.47
