Region,Country,"Item Type","Sales Channel","Order Priority","Order Date","Order ID","Ship Date","Units Sold","Unit Price","Unit Cost","Total Revenue","Total Cost","Total Profit"
"Middle East and North Africa",Turkey,Fruits,Online,C,9/23/2016,761415040,10/17/2016,8486,9.33,6.92,79174.38,58723.12,20451.26
"Central America and the Caribbean",Nicaragua,Beverages,Online,L,3/24/2011,833712375,3/25/2011,2873,47.45,31.79,136323.85,91332.67,44991.18
Europe,Slovakia,"Personal Care",Offline,H,12/31/2016,275353276,1/20/2017,2008,81.73,56.67,164113.84,113793.36,50320.48
"Middle East and North Africa",Turkey,Snacks,Online,L,9/24/2011,292636573,9/26/2011,6520,152.58,97.44,994821.60,635308.80,359512.80
"Middle East and North Africa","Saudi Arabia",Fruits,Offline,H,1/13/2012,812173593,2/18/2012,9069,9.33,6.92,84613.77,62757.48,21856.29
Asia,Turkmenistan,Meat,Offline,L,8/28/2016,930888164,10/14/2016,9349,421.89,364.69,3944249.61,3409486.81,534762.80
"North America",Greenland,Household,Offline,H,4/7/2010,266016614,4/30/2010,9082,668.27,502.54,6069228.14,4564068.28,1505159.86
Europe,"Moldova ",Fruits,Online,L,8/31/2012,305107772,10/13/2012,7025,9.33,6.92,65543.25,48613.00,16930.25
"Sub-Saharan Africa","Cape Verde",Meat,Offline,M,6/11/2014,356022965,7/26/2014,3962,421.89,364.69,1671528.18,1444901.78,226626.40
"Central America and the Caribbean",Dominica,"Personal Care",Offline,M,1/11/2011,696936023,1/20/2011,7711,81.73,56.67,630220.03,436982.37,193237.66
"Middle East and North Africa","United Arab Emirates",Meat,Offline,H,1/24/2014,326333272,2/20/2014,8122,421.89,364.69,3426590.58,2962012.18,464578.40
"Middle East and North Africa",Yemen,"Office Supplies",Offline,L,5/1/2017,113013541,5/30/2017,2073,651.21,524.96,1349958.33,1088242.08,261716.25
Asia,Japan,Cosmetics,Online,H,9/2/2015,546088159,9/10/2015,8476,437.20,263.33,3705707.20,2231985.08,1473722.12
Europe,Lithuania,"Personal Care",Online,H,5/6/2016,384980952,6/22/2016,3274,81.73,56.67,267584.02,185537.58,82046.44
Asia,Maldives,"Office Supplies",Offline,C,7/17/2012,709428250,8/26/2012,4439,651.21,524.96,2890721.19,2330297.44,560423.75
"Middle East and North Africa",Egypt,"Personal Care",Online,M,6/11/2017,869478881,7/1/2017,6977,81.73,56.67,570230.21,395386.59,174843.62
"Sub-Saharan Africa",Burundi,"Office Supplies",Online,C,1/3/2015,735494172,2/7/2015,7925,651.21,524.96,5160839.25,4160308.00,1000531.25
"Australia and Oceania",Vanuatu,"Personal Care",Online,C,10/2/2016,248147952,10/20/2016,1348,81.73,56.67,110172.04,76391.16,33780.88
Europe,Kosovo,"Personal Care",Offline,L,7/23/2012,768426549,8/11/2012,3347,81.73,56.67,273550.31,189674.49,83875.82
"North America","United States of America",Snacks,Online,M,4/16/2012,127628791,5/10/2012,7050,152.58,97.44,1075689.00,686952.00,388737.00
Asia,Cambodia,Meat,Offline,M,9/28/2011,277366006,10/30/2011,7620,421.89,364.69,3214801.80,2778937.80,435864.00
"Sub-Saharan Africa","The Gambia",Beverages,Online,L,7/18/2011,539562022,8/18/2011,7247,47.45,31.79,343870.15,230382.13,113488.02
"Central America and the Caribbean",Haiti,Cosmetics,Offline,C,5/28/2013,756453168,6/20/2013,157,437.20,263.33,68640.40,41342.81,27297.59
"Sub-Saharan Africa",Malawi,Meat,Online,H,4/24/2016,840588271,6/11/2016,7604,421.89,364.69,3208051.56,2773102.76,434948.80
Europe,Romania,Household,Offline,C,9/26/2012,324828660,10/2/2012,2874,668.27,502.54,1920607.98,1444299.96,476308.02
Asia,"Sri Lanka",Clothes,Offline,M,2/24/2015,612348163,4/8/2015,6284,109.28,35.84,686715.52,225218.56,461496.96
Asia,Uzbekistan,Meat,Offline,L,5/17/2014,926633107,5/25/2014,183,421.89,364.69,77205.87,66738.27,10467.60
Europe,France,Clothes,Offline,H,8/25/2013,561482322,10/13/2013,3951,109.28,35.84,431765.28,141603.84,290161.44
Europe,Malta,Cereal,Offline,M,4/14/2017,231007134,5/1/2017,8999,205.70,117.11,1851094.30,1053872.89,797221.41
Europe,Netherlands,Fruits,Online,M,9/20/2011,719631373,9/30/2011,3770,9.33,6.92,35174.10,26088.40,9085.70
Europe,Iceland,Household,Offline,L,10/2/2014,632091367,11/6/2014,8737,668.27,502.54,5838674.99,4390691.98,1447983.01
"Central America and the Caribbean",Cuba,Snacks,Online,H,3/2/2011,443435943,4/7/2011,1404,152.58,97.44,214222.32,136805.76,77416.56
Europe,Belgium,Cereal,Offline,L,2/5/2017,249026429,2/27/2017,1309,205.70,117.11,269261.30,153296.99,115964.31
"Middle East and North Africa",Iran,Clothes,Online,M,9/7/2015,214536654,10/20/2015,5018,109.28,35.84,548367.04,179845.12,368521.92
"Sub-Saharan Africa","Equatorial Guinea","Baby Food",Online,M,10/30/2013,125952947,11/7/2013,1131,255.28,159.42,288721.68,180304.02,108417.66
"Sub-Saharan Africa",Zambia,"Baby Food",Online,M,9/22/2015,739574134,10/8/2015,5276,255.28,159.42,1346857.28,841099.92,505757.36
Europe,Spain,Clothes,Offline,C,6/23/2011,632011544,7/22/2011,5115,109.28,35.84,558967.20,183321.60,375645.60
"Sub-Saharan Africa",Chad,Vegetables,Online,M,3/11/2011,250189006,4/29/2011,5341,154.06,90.93,822834.46,485657.13,337177.33
"Central America and the Caribbean",Nicaragua,"Personal Care",Offline,M,11/24/2010,561342847,12/31/2010,2678,81.73,56.67,218872.94,151762.26,67110.68
"Sub-Saharan Africa",Eritrea,"Office Supplies",Online,L,6/20/2011,803021895,8/7/2011,879,651.21,524.96,572413.59,461439.84,110973.75
Europe,"Moldova ","Office Supplies",Online,M,11/5/2014,733087480,12/21/2014,5731,651.21,524.96,3732084.51,3008545.76,723538.75
Europe,Netherlands,Vegetables,Online,L,9/4/2012,179713428,10/8/2012,52,154.06,90.93,8011.12,4728.36,3282.76
Europe,Norway,Clothes,Online,C,10/26/2012,391386067,11/25/2012,8690,109.28,35.84,949643.20,311449.60,638193.60
Europe,Slovakia,Fruits,Offline,C,11/1/2012,886904227,12/10/2012,3525,9.33,6.92,32888.25,24393.00,8495.25
Europe,Slovenia,Cosmetics,Online,L,5/10/2011,805379235,6/8/2011,8468,437.20,263.33,3702209.60,2229878.44,1472331.16
"Sub-Saharan Africa",Madagascar,Beverages,Offline,C,11/9/2011,256234920,11/15/2011,4462,47.45,31.79,211721.90,141846.98,69874.92
"Central America and the Caribbean",Haiti,Clothes,Offline,H,4/24/2011,769207608,6/7/2011,4480,109.28,35.84,489574.40,160563.20,329011.20
"North America","United States of America",Snacks,Offline,L,7/17/2011,344346129,9/1/2011,8527,152.58,97.44,1301049.66,830870.88,470178.78
Asia,Singapore,Vegetables,Offline,H,6/9/2015,202011811,7/16/2015,8639,154.06,90.93,1330924.34,785544.27,545380.07
"Middle East and North Africa",Egypt,Vegetables,Offline,L,8/4/2015,732878482,8/30/2015,3884,154.06,90.93,598369.04,353172.12,245196.92
Europe,"Vatican City",Household,Online,C,3/27/2013,147932469,5/2/2013,5360,668.27,502.54,3581927.20,2693614.40,888312.80
Europe,Estonia,Vegetables,Online,M,6/14/2014,328472602,7/13/2014,1197,154.06,90.93,184409.82,108843.21,75566.61
"Sub-Saharan Africa",Benin,Cereal,Online,C,3/29/2011,976110208,4/26/2011,1557,205.70,117.11,320274.90,182340.27,137934.63
"Australia and Oceania","Papua New Guinea",Clothes,Online,M,8/8/2015,962769114,9/26/2015,3631,109.28,35.84,396795.68,130135.04,266660.64
"Central America and the Caribbean",Dominica,Snacks,Online,M,4/24/2010,580685651,5/9/2010,6643,152.58,97.44,1013588.94,647293.92,366295.02
"Middle East and North Africa","Tunisia ","Baby Food",Online,L,4/12/2013,192408645,5/26/2013,6849,255.28,159.42,1748412.72,1091867.58,656545.14
"Central America and the Caribbean",Cuba,Household,Offline,L,3/13/2013,680799424,3/23/2013,2533,668.27,502.54,1692727.91,1272933.82,419794.09
"Central America and the Caribbean",Grenada,"Office Supplies",Online,L,3/6/2011,299031817,4/8/2011,9015,651.21,524.96,5870658.15,4732514.40,1138143.75
"Middle East and North Africa",Libya,"Office Supplies",Online,M,12/21/2016,520592153,1/30/2017,3642,651.21,524.96,2371706.82,1911904.32,459802.50
"Sub-Saharan Africa","Central African Republic","Baby Food",Online,C,11/21/2014,189279258,1/9/2015,793,255.28,159.42,202437.04,126420.06,76016.98
"Middle East and North Africa","United Arab Emirates",Vegetables,Online,L,1/10/2013,469204461,2/20/2013,6882,154.06,90.93,1060240.92,625780.26,434460.66
Europe,Russia,Meat,Online,C,10/2/2016,794791591,11/7/2016,5349,421.89,364.69,2256689.61,1950726.81,305962.80
"Sub-Saharan Africa",Liberia,"Personal Care",Online,M,5/13/2017,220776975,5/29/2017,1668,81.73,56.67,136325.64,94525.56,41800.08
Asia,Myanmar,"Personal Care",Offline,L,1/1/2011,572209441,1/3/2011,8344,81.73,56.67,681955.12,472854.48,209100.64
Asia,Singapore,Cosmetics,Offline,L,1/7/2010,594450318,2/4/2010,9914,437.20,263.33,4334400.80,2610653.62,1723747.18
"Australia and Oceania",Tonga,Vegetables,Offline,C,6/22/2016,903173434,7/8/2016,7945,154.06,90.93,1224006.70,722438.85,501567.85
"Sub-Saharan Africa",Gabon,Household,Online,C,10/11/2010,834365117,10/14/2010,6034,668.27,502.54,4032341.18,3032326.36,1000014.82
"Sub-Saharan Africa",Namibia,Beverages,Online,C,1/18/2016,694324195,1/29/2016,4814,47.45,31.79,228424.30,153037.06,75387.24
Europe,"Vatican City",Meat,Online,H,1/13/2011,409661996,2/11/2011,6943,421.89,364.69,2929182.27,2532042.67,397139.60
"North America","United States of America",Cereal,Offline,C,3/15/2017,877302348,4/16/2017,2115,205.70,117.11,435055.50,247687.65,187367.85
Europe,Slovakia,Snacks,Offline,H,8/25/2011,814481580,9/2/2011,2054,152.58,97.44,313399.32,200141.76,113257.56
Europe,Cyprus,Vegetables,Online,M,3/4/2014,808748519,4/8/2014,5514,154.06,90.93,849486.84,501388.02,348098.82
"Australia and Oceania","East Timor","Personal Care",Offline,L,5/14/2015,167964494,5/16/2015,3281,81.73,56.67,268156.13,185934.27,82221.86
"Central America and the Caribbean",Belize,Beverages,Offline,M,8/28/2010,970303332,10/7/2010,3173,47.45,31.79,150558.85,100869.67,49689.18
Europe,Lithuania,Vegetables,Online,H,9/9/2011,414251363,10/18/2011,5039,154.06,90.93,776308.34,458196.27,318112.07
"Australia and Oceania","Samoa ",Beverages,Online,H,3/29/2012,268607413,4/28/2012,5757,47.45,31.79,273169.65,183015.03,90154.62
"Sub-Saharan Africa","Republic of the Congo",Meat,Online,L,9/23/2014,122482812,9/28/2014,4241,421.89,364.69,1789235.49,1546650.29,242585.20
Europe,Poland,Cereal,Offline,M,4/9/2011,535301387,5/28/2011,6431,205.70,117.11,1322856.70,753134.41,569722.29
"Sub-Saharan Africa",Zimbabwe,Fruits,Online,C,3/13/2010,786799466,3/16/2010,301,9.33,6.92,2808.33,2082.92,725.41
"Middle East and North Africa",Kuwait,"Baby Food",Online,L,2/11/2017,227025878,2/14/2017,857,255.28,159.42,218774.96,136622.94,82152.02
Europe,Belgium,"Personal Care",Offline,C,12/27/2015,526341950,2/12/2016,5134,81.73,56.67,419601.82,290943.78,128658.04
"Central America and the Caribbean",Haiti,Snacks,Offline,C,10/5/2010,725421512,10/20/2010,7201,152.58,97.44,1098728.58,701665.44,397063.14
Europe,Macedonia,"Baby Food",Online,L,1/11/2014,385250890,1/20/2014,3154,255.28,159.42,805153.12,502810.68,302342.44
Europe,Italy,Household,Offline,M,12/9/2012,937128913,12/24/2012,6125,668.27,502.54,4093153.75,3078057.50,1015096.25
Asia,Maldives,"Baby Food",Online,L,11/9/2010,732666909,12/11/2010,1275,255.28,159.42,325482.00,203260.50,122221.50
Europe,Netherlands,Vegetables,Online,C,12/29/2015,893788707,2/16/2016,795,154.06,90.93,122477.70,72289.35,50188.35
Europe,"Czech Republic",Household,Online,M,11/27/2014,362730634,12/12/2014,8910,668.27,502.54,5954285.70,4477631.40,1476654.30
"Australia and Oceania","New Zealand",Vegetables,Offline,C,2/24/2014,852041518,3/18/2014,6874,154.06,90.93,1059008.44,625052.82,433955.62
Europe,Romania,"Baby Food",Offline,L,10/11/2013,994582688,11/1/2013,7974,255.28,159.42,2035602.72,1271215.08,764387.64
Europe,Germany,Snacks,Online,M,2/10/2011,393527972,2/15/2011,2527,152.58,97.44,385569.66,246230.88,139338.78
Asia,Kazakhstan,"Personal Care",Offline,C,2/12/2012,972363698,3/11/2012,2881,81.73,56.67,235464.13,163266.27,72197.86
Europe,Croatia,"Baby Food",Offline,L,6/18/2012,224888694,7/19/2012,8417,255.28,159.42,2148691.76,1341838.14,806853.62
"Sub-Saharan Africa","Seychelles ",Clothes,Offline,H,6/17/2016,665214288,7/9/2016,545,109.28,35.84,59557.60,19532.80,40024.80
"Sub-Saharan Africa","The Gambia","Personal Care",Offline,M,7/19/2010,377764308,9/1/2010,7708,81.73,56.67,629974.84,436812.36,193162.48
"Australia and Oceania","Samoa ",Snacks,Offline,H,7/10/2012,667275083,7/15/2012,380,152.58,97.44,57980.40,37027.20,20953.20
"Sub-Saharan Africa","Sierra Leone",Cereal,Offline,H,9/28/2014,208795440,9/29/2014,6065,205.70,117.11,1247570.50,710272.15,537298.35
"Sub-Saharan Africa",Burundi,"Personal Care",Online,H,8/17/2010,897686707,9/27/2010,4300,81.73,56.67,351439.00,243681.00,107758.00
Asia,"South Korea",Clothes,Online,H,8/6/2013,199622714,8/28/2013,1652,109.28,35.84,180530.56,59207.68,121322.88
"North America",Canada,Household,Online,L,6/2/2015,600589787,6/7/2015,6719,668.27,502.54,4490106.13,3376566.26,1113539.87
Asia,Brunei,Household,Online,H,9/14/2012,156886756,10/24/2012,5132,668.27,502.54,3429561.64,2579035.28,850526.36
