Region,Country,"Item Type","Sales Channel","Order Priority","Order Date","Order ID","Ship Date","Units Sold","Unit Price","Unit Cost","Total Revenue","Total Cost","Total Profit"
"Sub-Saharan Africa","Central African Republic",Cosmetics,Online,H,5/17/2011,460957849,6/28/2011,6526,437.20,263.33,2853167.20,1718491.58,1134675.62
Europe,Sweden,"Office Supplies",Online,L,6/26/2010,407516658,8/3/2010,2090,651.21,524.96,1361028.90,1097166.40,263862.50
Europe,Norway,"Personal Care",Online,M,4/13/2013,628692471,5/6/2013,2928,81.73,56.67,239305.44,165929.76,73375.68
Asia,Vietnam,"Baby Food",Online,L,1/6/2014,924534118,1/11/2014,9045,255.28,159.42,2309007.60,1441953.90,867053.70
Asia,Maldives,"Personal Care",Offline,C,7/29/2015,715402925,8/5/2015,2478,81.73,56.67,202526.94,140428.26,62098.68
Asia,Vietnam,"Personal Care",Offline,H,7/21/2010,391972720,8/29/2010,2293,81.73,56.67,187406.89,129944.31,57462.58
Asia,Thailand,Snacks,Offline,L,4/29/2015,865229833,5/22/2015,9590,152.58,97.44,1463242.20,934449.60,528792.60
"Middle East and North Africa",Jordan,Vegetables,Online,H,4/4/2013,416473090,4/24/2013,2497,154.06,90.93,384687.82,227052.21,157635.61
Europe,Liechtenstein,Household,Online,C,7/1/2011,547313821,7/7/2011,1177,668.27,502.54,786553.79,591489.58,195064.21
"Middle East and North Africa",Libya,Snacks,Online,C,6/20/2014,129675853,8/3/2014,2821,152.58,97.44,430428.18,274878.24,155549.94
"Australia and Oceania",Nauru,Fruits,Offline,M,7/8/2012,355795514,7/17/2012,6654,9.33,6.92,62081.82,46045.68,16036.14
Europe,Hungary,Clothes,Online,H,12/28/2015,688221633,1/14/2016,8930,109.28,35.84,975870.40,320051.20,655819.20
Asia,Mongolia,"Personal Care",Online,C,7/28/2013,209815537,9/12/2013,7935,81.73,56.67,648527.55,449676.45,198851.10
Asia,Singapore,Fruits,Online,C,12/12/2013,773751056,12/22/2013,8987,9.33,6.92,83848.71,62190.04,21658.67
Europe,Finland,Cosmetics,Offline,C,9/23/2011,253514516,11/3/2011,9434,437.20,263.33,4124544.80,2484255.22,1640289.58
Asia,Myanmar,Meat,Offline,M,12/7/2013,192904746,12/11/2013,3656,421.89,364.69,1542429.84,1333306.64,209123.20
Europe,"Vatican City",Meat,Offline,H,7/9/2013,856033074,8/11/2013,8065,421.89,364.69,3402542.85,2941224.85,461318.00
"Middle East and North Africa",Somalia,Fruits,Offline,H,11/9/2015,777323329,12/25/2015,6102,9.33,6.92,56931.66,42225.84,14705.82
"Sub-Saharan Africa","Cape Verde",Household,Offline,C,3/27/2012,811511838,4/20/2012,3241,668.27,502.54,2165863.07,1628732.14,537130.93
"Sub-Saharan Africa",Eritrea,Beverages,Online,C,12/12/2013,983647429,1/21/2014,1988,47.45,31.79,94330.60,63198.52,31132.08
Asia,Uzbekistan,Household,Online,L,8/18/2010,939091432,9/14/2010,6878,668.27,502.54,4596361.06,3456470.12,1139890.94
Asia,Cambodia,Snacks,Online,L,11/28/2011,393517673,12/5/2011,9479,152.58,97.44,1446305.82,923633.76,522672.06
Europe,Luxembourg,Cereal,Online,L,5/4/2013,482912480,5/22/2013,3389,205.70,117.11,697117.30,396885.79,300231.51
"Sub-Saharan Africa",Ethiopia,Cereal,Offline,C,4/30/2015,613574683,5/31/2015,9239,205.70,117.11,1900462.30,1081979.29,818483.01
Europe,"Czech Republic",Fruits,Offline,M,10/6/2011,712115609,11/10/2011,9688,9.33,6.92,90389.04,67040.96,23348.08
"Sub-Saharan Africa","Sao Tome and Principe",Vegetables,Offline,L,7/17/2016,775459086,7/22/2016,4431,154.06,90.93,682639.86,402910.83,279729.03
"Sub-Saharan Africa",Zimbabwe,Meat,Offline,M,4/30/2014,420841443,5/30/2014,5190,421.89,364.69,2189609.10,1892741.10,296868.00
Europe,Sweden,Fruits,Online,H,5/11/2017,235811507,6/17/2017,720,9.33,6.92,6717.60,4982.40,1735.20
Europe,Slovenia,"Personal Care",Online,M,3/18/2016,428230607,4/2/2016,1808,81.73,56.67,147767.84,102459.36,45308.48
Asia,Uzbekistan,"Baby Food",Offline,H,11/25/2013,376272571,1/10/2014,6270,255.28,159.42,1600605.60,999563.40,601042.20
"Central America and the Caribbean",Grenada,Fruits,Online,L,6/28/2014,878423726,7/16/2014,3956,9.33,6.92,36909.48,27375.52,9533.96
Europe,Malta,Household,Online,C,10/4/2011,103482902,10/17/2011,1745,668.27,502.54,1166131.15,876932.30,289198.85
Asia,Kazakhstan,Snacks,Offline,L,9/11/2015,340561425,10/6/2015,8549,152.58,97.44,1304406.42,833014.56,471391.86
Europe,Austria,Beverages,Online,C,11/5/2010,349083125,12/11/2010,309,47.45,31.79,14662.05,9823.11,4838.94
"Sub-Saharan Africa","South Sudan","Personal Care",Online,C,2/11/2013,308784329,3/23/2013,5000,81.73,56.67,408650.00,283350.00,125300.00
"Sub-Saharan Africa",Zambia,Meat,Online,H,12/18/2012,469713866,1/7/2013,7626,421.89,364.69,3217333.14,2781125.94,436207.20
Europe,Kosovo,Fruits,Offline,H,1/26/2017,702233064,2/18/2017,5224,9.33,6.92,48739.92,36150.08,12589.84
"Sub-Saharan Africa",Comoros,Meat,Offline,H,3/29/2014,947015750,5/3/2014,1860,421.89,364.69,784715.40,678323.40,106392.00
"Middle East and North Africa",Afghanistan,"Personal Care",Offline,C,1/24/2017,765048253,1/26/2017,3634,81.73,56.67,297006.82,205938.78,91068.04
Europe,Hungary,"Baby Food",Online,C,9/10/2012,687629401,9/23/2012,3675,255.28,159.42,938154.00,585868.50,352285.50
"Australia and Oceania",Kiribati,"Baby Food",Online,H,1/23/2012,866370522,2/8/2012,7145,255.28,159.42,1823975.60,1139055.90,684919.70
"Sub-Saharan Africa",Mali,Snacks,Offline,C,10/22/2015,623195445,12/11/2015,6236,152.58,97.44,951488.88,607635.84,343853.04
"Sub-Saharan Africa","Mauritius ","Personal Care",Offline,C,6/27/2010,700340497,7/12/2010,5171,81.73,56.67,422625.83,293040.57,129585.26
"Middle East and North Africa",Libya,"Office Supplies",Offline,C,3/27/2010,110354506,3/28/2010,5206,651.21,524.96,3390199.26,2732941.76,657257.50
Asia,Myanmar,Fruits,Offline,L,2/5/2015,186098802,2/17/2015,9626,9.33,6.92,89810.58,66611.92,23198.66
"Australia and Oceania",Tonga,Cereal,Online,M,10/29/2014,530747210,12/7/2014,8749,205.70,117.11,1799669.30,1024595.39,775073.91
Europe,"Bosnia and Herzegovina",Clothes,Online,L,5/23/2015,367786061,6/27/2015,4923,109.28,35.84,537985.44,176440.32,361545.12
"Sub-Saharan Africa",Namibia,Beverages,Online,L,6/14/2012,791014182,7/27/2012,7529,47.45,31.79,357251.05,239346.91,117904.14
"Middle East and North Africa",Turkey,Vegetables,Offline,M,4/30/2010,714542901,5/20/2010,7978,154.06,90.93,1229090.68,725439.54,503651.14
"Central America and the Caribbean","Trinidad and Tobago",Household,Online,H,8/6/2010,922796046,8/15/2010,4712,668.27,502.54,3148888.24,2367968.48,780919.76
Asia,Bangladesh,Fruits,Online,M,11/30/2015,920509946,12/19/2015,8204,9.33,6.92,76543.32,56771.68,19771.64
"Central America and the Caribbean","Saint Lucia",Clothes,Online,C,1/24/2011,282733428,3/10/2011,5959,109.28,35.84,651199.52,213570.56,437628.96
"Sub-Saharan Africa",Nigeria,"Office Supplies",Offline,L,3/8/2012,904827821,4/23/2012,7514,651.21,524.96,4893191.94,3944549.44,948642.50
"Middle East and North Africa",Oman,"Personal Care",Offline,L,7/20/2017,252466952,8/8/2017,9436,81.73,56.67,771204.28,534738.12,236466.16
Europe,Cyprus,"Office Supplies",Offline,H,5/10/2011,811637151,6/5/2011,324,651.21,524.96,210992.04,170087.04,40905.00
Asia,"South Korea",Cosmetics,Offline,C,12/5/2012,638637244,12/20/2012,5807,437.20,263.33,2538820.40,1529157.31,1009663.09
"Middle East and North Africa",Syria,Clothes,Offline,M,5/21/2012,110078561,7/9/2012,3547,109.28,35.84,387616.16,127124.48,260491.68
Asia,Mongolia,Fruits,Offline,L,4/4/2012,572884929,5/1/2012,8236,9.33,6.92,76841.88,56993.12,19848.76
"Sub-Saharan Africa",Benin,"Office Supplies",Online,C,2/22/2016,294292676,3/7/2016,6598,651.21,524.96,4296683.58,3463686.08,832997.50
Europe,Russia,Vegetables,Offline,M,5/5/2017,311850631,5/17/2017,2387,154.06,90.93,367741.22,217049.91,150691.31
"Sub-Saharan Africa",Sudan,Meat,Offline,L,3/23/2010,383420121,4/28/2010,1389,421.89,364.69,586005.21,506554.41,79450.80
"Central America and the Caribbean","Trinidad and Tobago",Household,Offline,M,9/24/2016,337174975,11/3/2016,6423,668.27,502.54,4292298.21,3227814.42,1064483.79
Europe,Netherlands,Meat,Offline,L,6/4/2014,521601521,7/15/2014,2336,421.89,364.69,985535.04,851915.84,133619.20
Europe,Belgium,"Office Supplies",Online,L,1/7/2016,455498588,2/19/2016,1009,651.21,524.96,657070.89,529684.64,127386.25
"Middle East and North Africa",Azerbaijan,Snacks,Offline,M,7/24/2012,177977502,8/9/2012,6353,152.58,97.44,969340.74,619036.32,350304.42
Europe,Estonia,Fruits,Offline,C,2/10/2015,698462092,2/26/2015,9309,9.33,6.92,86852.97,64418.28,22434.69
Asia,Laos,Snacks,Online,L,1/24/2013,846688687,2/6/2013,2853,152.58,97.44,435310.74,277996.32,157314.42
"Australia and Oceania","Marshall Islands",Clothes,Online,L,10/26/2015,422706115,11/11/2015,6988,109.28,35.84,763648.64,250449.92,513198.72
Europe,Russia,Cosmetics,Offline,C,2/11/2011,646875703,3/29/2011,3750,437.20,263.33,1639500.00,987487.50,652012.50
"North America",Mexico,Cosmetics,Online,H,4/6/2014,109871280,4/18/2014,2208,437.20,263.33,965337.60,581432.64,383904.96
"Australia and Oceania",Fiji,"Personal Care",Online,L,5/9/2011,622679173,6/18/2011,3460,81.73,56.67,282785.80,196078.20,86707.60
"Sub-Saharan Africa",Mauritania,Meat,Online,H,1/13/2016,466598212,2/20/2016,5635,421.89,364.69,2377350.15,2055028.15,322322.00
"Middle East and North Africa",Somalia,Meat,Offline,C,9/28/2012,243239724,10/31/2012,8895,421.89,364.69,3752711.55,3243917.55,508794.00
"Sub-Saharan Africa",Botswana,"Personal Care",Offline,C,6/22/2013,624527537,7/30/2013,432,81.73,56.67,35307.36,24481.44,10825.92
Europe,Norway,Cereal,Offline,L,2/23/2016,102697980,3/22/2016,9469,205.70,117.11,1947773.30,1108914.59,838858.71
Europe,Bulgaria,Beverages,Offline,L,12/16/2015,840299880,1/3/2016,2263,47.45,31.79,107379.35,71940.77,35438.58
"Sub-Saharan Africa","Sierra Leone",Fruits,Offline,L,9/28/2016,120194566,11/4/2016,7098,9.33,6.92,66224.34,49118.16,17106.18
Asia,Uzbekistan,Clothes,Offline,L,1/14/2012,695555865,3/4/2012,9292,109.28,35.84,1015429.76,333025.28,682404.48
Asia,India,"Personal Care",Offline,C,8/7/2011,439870107,9/12/2011,6194,81.73,56.67,506235.62,351013.98,155221.64
"Sub-Saharan Africa",Nigeria,Cosmetics,Offline,C,11/17/2014,896936118,11/30/2014,2184,437.20,263.33,954844.80,575112.72,379732.08
"Sub-Saharan Africa",Ethiopia,Meat,Online,C,10/29/2014,530865228,11/11/2014,3673,421.89,364.69,1549601.97,1339506.37,210095.60
Europe,Estonia,Snacks,Online,H,10/24/2016,576081264,10/29/2016,4103,152.58,97.44,626035.74,399796.32,226239.42
Asia,Malaysia,Cosmetics,Online,M,2/20/2012,987320554,3/12/2012,8947,437.20,263.33,3911628.40,2356013.51,1555614.89
"Sub-Saharan Africa",Mauritania,"Office Supplies",Offline,C,1/31/2012,889631927,3/3/2012,712,651.21,524.96,463661.52,373771.52,89890.00
Europe,"Bosnia and Herzegovina",Meat,Online,C,11/9/2013,828376710,12/1/2013,3932,421.89,364.69,1658871.48,1433961.08,224910.40
"Sub-Saharan Africa",Burundi,Cosmetics,Online,M,12/14/2011,519228732,12/27/2011,175,437.20,263.33,76510.00,46082.75,30427.25
"Australia and Oceania",Tonga,Cereal,Offline,C,1/21/2017,198174321,3/4/2017,3040,205.70,117.11,625328.00,356014.40,269313.60
"Central America and the Caribbean",Panama,Cereal,Offline,L,6/9/2014,171512305,7/11/2014,3157,205.70,117.11,649394.90,369716.27,279678.63
"Australia and Oceania",Fiji,"Office Supplies",Online,L,2/16/2013,365854012,3/7/2013,3187,651.21,524.96,2075406.27,1673047.52,402358.75
"Central America and the Caribbean",Cuba,Beverages,Online,L,11/18/2011,778123271,12/19/2011,2822,47.45,31.79,133903.90,89711.38,44192.52
"Middle East and North Africa",Iraq,Household,Online,C,7/3/2010,125556409,7/8/2010,3786,668.27,502.54,2530070.22,1902616.44,627453.78
"Sub-Saharan Africa",Comoros,Cosmetics,Online,M,8/28/2013,795702254,9/17/2013,4834,437.20,263.33,2113424.80,1272937.22,840487.58
Asia,Japan,"Personal Care",Online,M,12/6/2011,296422135,12/20/2011,6752,81.73,56.67,551840.96,382635.84,169205.12
Europe,Monaco,Fruits,Offline,L,11/23/2015,705889880,12/10/2015,7357,9.33,6.92,68640.81,50910.44,17730.37
Asia,"South Korea","Baby Food",Online,H,6/24/2014,122591817,7/14/2014,6498,255.28,159.42,1658809.44,1035911.16,622898.28
Europe,Netherlands,"Baby Food",Offline,H,8/9/2016,315326774,8/13/2016,1054,255.28,159.42,269065.12,168028.68,101036.44
Asia,Indonesia,Cosmetics,Offline,L,2/13/2017,873206079,2/26/2017,9938,437.20,263.33,4344893.60,2616973.54,1727920.06
"Central America and the Caribbean","Trinidad and Tobago","Office Supplies",Offline,C,9/16/2015,555653560,10/14/2015,9091,651.21,524.96,5920150.11,4772411.36,1147738.75
Asia,China,Vegetables,Offline,L,2/18/2013,442405545,4/3/2013,6487,154.06,90.93,999387.22,589862.91,409524.31
"Middle East and North Africa",Syria,Snacks,Online,C,1/2/2015,783510863,2/15/2015,7131,152.58,97.44,1088047.98,694844.64,393203.34
