Region,Country,"Item Type","Sales Channel","Order Priority","Order Date","Order ID","Ship Date","Units Sold","Unit Price","Unit Cost","Total Revenue","Total Cost","Total Profit"
Europe,Slovenia,"Baby Food",Offline,M,8/17/2016,507079827,8/31/2016,5044,255.28,159.42,1287632.32,804114.48,483517.84
Europe,Greece,Fruits,Offline,C,10/6/2015,670069301,11/12/2015,7251,9.33,6.92,67651.83,50176.92,17474.91
"Central America and the Caribbean",Barbados,Beverages,Online,L,3/23/2017,692832028,4/9/2017,3248,47.45,31.79,154117.60,103253.92,50863.68
"Australia and Oceania","New Zealand",Cosmetics,Offline,M,2/25/2017,600416839,3/24/2017,5540,437.20,263.33,2422088.00,1458848.20,963239.80
Europe,Belarus,Clothes,Offline,C,10/5/2012,938185060,10/5/2012,8663,109.28,35.84,946692.64,310481.92,636210.72
"Sub-Saharan Africa",Chad,Meat,Online,L,9/5/2013,521810519,9/15/2013,4183,421.89,364.69,1764765.87,1525498.27,239267.60
"Middle East and North Africa",Pakistan,Cereal,Offline,H,6/17/2015,487279546,7/28/2015,5701,205.70,117.11,1172695.70,667644.11,505051.59
Europe,Albania,Fruits,Offline,H,12/6/2010,240890967,12/23/2010,3845,9.33,6.92,35873.85,26607.40,9266.45
"Middle East and North Africa",Azerbaijan,"Office Supplies",Online,H,9/15/2016,609256112,10/11/2016,1277,651.21,524.96,831595.17,670373.92,161221.25
"Central America and the Caribbean","Dominican Republic",Fruits,Online,C,5/22/2016,689298808,7/4/2016,7690,9.33,6.92,71747.70,53214.80,18532.90
"Middle East and North Africa",Azerbaijan,Beverages,Offline,H,5/12/2017,998255383,5/19/2017,4806,47.45,31.79,228044.70,152782.74,75261.96
"Sub-Saharan Africa",Nigeria,Beverages,Online,M,9/19/2016,323674666,11/4/2016,1381,47.45,31.79,65528.45,43901.99,21626.46
Europe,Switzerland,Vegetables,Online,H,8/9/2012,673417985,9/26/2012,8201,154.06,90.93,1263446.06,745716.93,517729.13
Europe,Montenegro,Meat,Offline,H,8/11/2015,525659167,9/24/2015,3084,421.89,364.69,1301108.76,1124703.96,176404.80
"Sub-Saharan Africa",Guinea-Bissau,"Office Supplies",Offline,H,8/27/2014,678884541,9/20/2014,5877,651.21,524.96,3827161.17,3085189.92,741971.25
Asia,Laos,Fruits,Online,C,2/2/2011,201892936,2/22/2011,3461,9.33,6.92,32291.13,23950.12,8341.01
"Sub-Saharan Africa",Ethiopia,Household,Offline,C,11/24/2014,483795678,12/19/2014,4747,668.27,502.54,3172277.69,2385557.38,786720.31
"Central America and the Caribbean","Saint Vincent and the Grenadines",Household,Offline,M,8/19/2010,284016597,9/8/2010,5677,668.27,502.54,3793768.79,2852919.58,940849.21
Europe,Serbia,"Baby Food",Offline,L,3/13/2014,682292020,3/13/2014,4226,255.28,159.42,1078813.28,673708.92,405104.36
Europe,Germany,Meat,Online,H,1/19/2016,128670775,3/9/2016,5397,421.89,364.69,2276940.33,1968231.93,308708.40
Europe,Andorra,"Personal Care",Offline,L,4/20/2015,293514192,5/4/2015,6227,81.73,56.67,508932.71,352884.09,156048.62
"Central America and the Caribbean",Nicaragua,Beverages,Online,L,11/23/2015,217496097,12/23/2015,783,47.45,31.79,37153.35,24891.57,12261.78
"Sub-Saharan Africa",Cameroon,Snacks,Offline,L,4/12/2015,361602818,5/26/2015,5164,152.58,97.44,787923.12,503180.16,284742.96
Asia,Thailand,Beverages,Offline,L,10/2/2015,357133185,11/13/2015,2501,47.45,31.79,118672.45,79506.79,39165.66
Europe,Switzerland,Vegetables,Online,H,2/5/2013,355698525,3/2/2013,7953,154.06,90.93,1225239.18,723166.29,502072.89
"Sub-Saharan Africa",Lesotho,"Office Supplies",Offline,C,7/15/2015,579222667,8/15/2015,3714,651.21,524.96,2418593.94,1949701.44,468892.50
"Sub-Saharan Africa",Madagascar,Cosmetics,Offline,C,3/10/2017,869941937,3/20/2017,4006,437.20,263.33,1751423.20,1054899.98,696523.22
"Sub-Saharan Africa",Guinea-Bissau,Clothes,Online,C,1/18/2017,240405166,1/21/2017,86,109.28,35.84,9398.08,3082.24,6315.84
"Sub-Saharan Africa",Rwanda,Cosmetics,Online,M,2/28/2015,923473680,3/13/2015,5238,437.20,263.33,2290053.60,1379322.54,910731.06
Europe,"United Kingdom",Vegetables,Offline,H,6/2/2016,722321307,7/2/2016,9781,154.06,90.93,1506860.86,889386.33,617474.53
"Middle East and North Africa",Morocco,Cereal,Offline,M,8/26/2011,660434377,9/4/2011,6063,205.70,117.11,1247159.10,710037.93,537121.17
"Sub-Saharan Africa",Chad,Fruits,Online,M,8/31/2011,931611716,10/13/2011,3464,9.33,6.92,32319.12,23970.88,8348.24
"Sub-Saharan Africa","Cape Verde",Vegetables,Online,C,3/14/2013,449964654,4/21/2013,3395,154.06,90.93,523033.70,308707.35,214326.35
"Middle East and North Africa","Tunisia ",Cereal,Offline,M,4/8/2010,899917018,5/15/2010,4299,205.70,117.11,884304.30,503455.89,380848.41
Europe,Finland,Beverages,Online,M,2/2/2013,886205136,3/23/2013,6648,47.45,31.79,315447.60,211339.92,104107.68
Europe,Denmark,Meat,Online,C,1/12/2014,883877837,1/30/2014,7949,421.89,364.69,3353603.61,2898920.81,454682.80
Europe,Portugal,Beverages,Online,H,1/29/2014,988296449,2/3/2014,7736,47.45,31.79,367073.20,245927.44,121145.76
Europe,Hungary,Clothes,Online,C,7/6/2011,465134799,7/13/2011,2578,109.28,35.84,281723.84,92395.52,189328.32
"Central America and the Caribbean","El Salvador",Beverages,Offline,C,3/27/2013,900379216,5/1/2013,1073,47.45,31.79,50913.85,34110.67,16803.18
Asia,"North Korea",Clothes,Offline,M,11/14/2015,350328528,12/21/2015,8851,109.28,35.84,967237.28,317219.84,650017.44
"North America","United States of America",Fruits,Offline,M,2/3/2017,991594064,2/28/2017,3574,9.33,6.92,33345.42,24732.08,8613.34
Europe,Belarus,Meat,Offline,M,11/14/2011,571099650,11/14/2011,9932,421.89,364.69,4190211.48,3622101.08,568110.40
Europe,Iceland,Fruits,Offline,H,5/15/2011,956081616,6/11/2011,4651,9.33,6.92,43393.83,32184.92,11208.91
Europe,Andorra,Vegetables,Online,H,6/18/2016,484088790,6/25/2016,1485,154.06,90.93,228779.10,135031.05,93748.05
Europe,Hungary,"Personal Care",Online,L,12/15/2013,712982499,12/19/2013,6220,81.73,56.67,508360.60,352487.40,155873.20
Europe,Malta,Household,Offline,C,8/19/2010,570936572,9/12/2010,1674,668.27,502.54,1118683.98,841251.96,277432.02
Asia,Myanmar,Cereal,Online,L,5/9/2014,406437337,6/11/2014,2695,205.70,117.11,554361.50,315611.45,238750.05
Europe,Luxembourg,"Office Supplies",Online,C,2/10/2015,638283622,3/18/2015,1163,651.21,524.96,757357.23,610528.48,146828.75
Europe,Denmark,Cereal,Online,H,7/12/2011,405586755,7/13/2011,989,205.70,117.11,203437.30,115821.79,87615.51
"Middle East and North Africa",Egypt,"Office Supplies",Online,C,8/30/2014,717770564,10/5/2014,3115,651.21,524.96,2028519.15,1635250.40,393268.75
Asia,Vietnam,Household,Offline,C,11/28/2013,404571378,12/8/2013,516,668.27,502.54,344827.32,259310.64,85516.68
"Sub-Saharan Africa","Sierra Leone",Cosmetics,Offline,H,2/4/2011,166038024,3/8/2011,3196,437.20,263.33,1397291.20,841602.68,555688.52
"Sub-Saharan Africa",Namibia,Beverages,Offline,L,9/4/2016,322531831,9/27/2016,3191,47.45,31.79,151412.95,101441.89,49971.06
"Australia and Oceania",Fiji,"Baby Food",Offline,C,9/5/2015,364726626,10/19/2015,9569,255.28,159.42,2442774.32,1525489.98,917284.34
"Australia and Oceania","Marshall Islands",Fruits,Online,L,11/24/2016,303608739,12/10/2016,3428,9.33,6.92,31983.24,23721.76,8261.48
Asia,Japan,Snacks,Online,M,4/14/2011,220476996,4/16/2011,2898,152.58,97.44,442176.84,282381.12,159795.72
Europe,Armenia,Vegetables,Online,H,7/18/2013,716942727,8/15/2013,8140,154.06,90.93,1254048.40,740170.20,513878.20
Asia,Tajikistan,"Personal Care",Offline,H,12/19/2012,664929759,12/23/2012,6347,81.73,56.67,518740.31,359684.49,159055.82
"Sub-Saharan Africa",Tanzania,Cereal,Online,C,1/15/2015,356674420,1/24/2015,6742,205.70,117.11,1386829.40,789555.62,597273.78
Europe,Finland,Household,Online,C,12/18/2014,154725539,12/24/2014,5580,668.27,502.54,3728946.60,2804173.20,924773.40
Asia,Myanmar,"Personal Care",Offline,C,7/26/2016,941944444,8/18/2016,1148,81.73,56.67,93826.04,65057.16,28768.88
Asia,Vietnam,"Office Supplies",Online,C,5/24/2013,971504962,6/20/2013,8762,651.21,524.96,5705902.02,4599699.52,1106202.50
Europe,Lithuania,Vegetables,Online,C,3/12/2015,816893422,4/28/2015,5772,154.06,90.93,889234.32,524847.96,364386.36
"Middle East and North Africa",Israel,Snacks,Offline,C,11/7/2013,221908652,12/27/2013,6556,152.58,97.44,1000314.48,638816.64,361497.84
"Central America and the Caribbean","Trinidad and Tobago",Snacks,Online,L,6/17/2017,350661981,7/4/2017,7527,152.58,97.44,1148469.66,733430.88,415038.78
Europe,Liechtenstein,Household,Offline,L,3/31/2016,637577235,4/18/2016,2127,668.27,502.54,1421410.29,1068902.58,352507.71
"Sub-Saharan Africa",Sudan,Fruits,Online,L,8/26/2016,137390744,10/2/2016,5829,9.33,6.92,54384.57,40336.68,14047.89
"Australia and Oceania",Palau,"Personal Care",Online,C,10/25/2014,675151336,12/6/2014,1138,81.73,56.67,93008.74,64490.46,28518.28
Europe,Kosovo,"Office Supplies",Offline,C,7/8/2015,996220338,7/25/2015,2591,651.21,524.96,1687285.11,1360171.36,327113.75
Europe,"Bosnia and Herzegovina",Household,Offline,C,3/31/2013,816271579,5/8/2013,1754,668.27,502.54,1172145.58,881455.16,290690.42
"Sub-Saharan Africa",Djibouti,"Baby Food",Online,H,2/17/2011,371291387,3/26/2011,2227,255.28,159.42,568508.56,355028.34,213480.22
Asia,Nepal,Cereal,Online,M,2/20/2017,867578589,3/31/2017,4639,205.70,117.11,954242.30,543273.29,410969.01
"Sub-Saharan Africa",Chad,"Office Supplies",Online,H,1/9/2010,431744515,2/10/2010,1651,651.21,524.96,1075147.71,866708.96,208438.75
"Middle East and North Africa","United Arab Emirates","Personal Care",Online,L,4/3/2011,860712993,5/14/2011,2956,81.73,56.67,241593.88,167516.52,74077.36
Europe,Germany,Snacks,Offline,M,1/23/2013,871720349,1/27/2013,278,152.58,97.44,42417.24,27088.32,15328.92
"Australia and Oceania","Solomon Islands",Household,Online,M,7/17/2012,152315413,7/17/2012,2370,668.27,502.54,1583799.90,1191019.80,392780.10
"Australia and Oceania",Vanuatu,Cosmetics,Offline,L,6/3/2015,710359513,6/21/2015,21,437.20,263.33,9181.20,5529.93,3651.27
"Sub-Saharan Africa",Botswana,"Personal Care",Offline,L,2/17/2017,124026477,3/27/2017,1045,81.73,56.67,85407.85,59220.15,26187.70
"Middle East and North Africa",Egypt,"Baby Food",Online,M,3/4/2014,991802632,4/22/2014,5294,255.28,159.42,1351452.32,843969.48,507482.84
Asia,China,"Office Supplies",Offline,C,6/19/2015,582486808,7/23/2015,9645,651.21,524.96,6280920.45,5063239.20,1217681.25
"Sub-Saharan Africa","Burkina Faso",Clothes,Online,L,11/7/2015,285190331,12/12/2015,3011,109.28,35.84,329042.08,107914.24,221127.84
"Australia and Oceania",Nauru,Beverages,Online,H,1/9/2015,659337031,2/12/2015,1334,47.45,31.79,63298.30,42407.86,20890.44
"Central America and the Caribbean",Belize,Household,Offline,H,9/28/2013,984663236,10/25/2013,2588,668.27,502.54,1729482.76,1300573.52,428909.24
"Central America and the Caribbean",Panama,Household,Offline,L,1/16/2010,611217772,3/3/2010,1776,668.27,502.54,1186847.52,892511.04,294336.48
"Middle East and North Africa",Afghanistan,Meat,Offline,C,8/7/2010,309361970,9/15/2010,5936,421.89,364.69,2504339.04,2164799.84,339539.20
Europe,Spain,Snacks,Offline,C,10/17/2011,919769656,11/26/2011,9135,152.58,97.44,1393818.30,890114.40,503703.90
"Australia and Oceania",Palau,"Baby Food",Online,C,1/25/2011,203427159,3/13/2011,7472,255.28,159.42,1907452.16,1191186.24,716265.92
"Middle East and North Africa",Oman,"Personal Care",Offline,C,9/20/2010,491633307,11/5/2010,4076,81.73,56.67,333131.48,230986.92,102144.56
"Sub-Saharan Africa","Mauritius ","Personal Care",Online,M,2/9/2014,135999429,3/19/2014,4108,81.73,56.67,335746.84,232800.36,102946.48
"Sub-Saharan Africa","Democratic Republic of the Congo",Meat,Online,M,4/21/2014,258449351,5/1/2014,9761,421.89,364.69,4118068.29,3559739.09,558329.20
"Sub-Saharan Africa",Ghana,"Office Supplies",Online,M,1/3/2013,701219403,1/18/2013,5259,651.21,524.96,3424713.39,2760764.64,663948.75
"Middle East and North Africa",Iraq,Vegetables,Offline,L,10/12/2016,476858413,11/22/2016,1856,154.06,90.93,285935.36,168766.08,117169.28
Asia,Nepal,Fruits,Offline,M,7/9/2010,918227708,8/19/2010,2839,9.33,6.92,26487.87,19645.88,6841.99
Asia,China,Fruits,Online,M,4/10/2014,728501117,4/15/2014,8524,9.33,6.92,79528.92,58986.08,20542.84
Europe,Hungary,Beverages,Online,C,4/14/2011,931164968,5/25/2011,1261,47.45,31.79,59834.45,40087.19,19747.26
"Australia and Oceania","East Timor",Fruits,Online,H,5/15/2012,820018088,6/22/2012,430,9.33,6.92,4011.90,2975.60,1036.30
Europe,Italy,Clothes,Offline,C,4/8/2014,209171807,4/12/2014,7441,109.28,35.84,813152.48,266685.44,546467.04
"Sub-Saharan Africa","Mauritius ",Cereal,Offline,C,12/27/2010,783049952,1/29/2011,737,205.70,117.11,151600.90,86310.07,65290.83
"Middle East and North Africa",Jordan,Snacks,Online,H,10/3/2012,246388852,11/4/2012,791,152.58,97.44,120690.78,77075.04,43615.74
"Sub-Saharan Africa","Sierra Leone","Office Supplies",Online,C,12/6/2011,874237334,1/22/2012,5110,651.21,524.96,3327683.10,2682545.60,645137.50
