Region,Country,"Item Type","Sales Channel","Order Priority","Order Date","Order ID","Ship Date","Units Sold","Unit Price","Unit Cost","Total Revenue","Total Cost","Total Profit"
"Australia and Oceania",Fiji,"Personal Care",Online,C,7/12/2010,799091279,8/11/2010,7722,81.73,56.67,631119.06,437605.74,193513.32
Asia,Japan,Household,Online,C,9/21/2013,246266543,11/10/2013,4598,668.27,502.54,3072705.46,2310678.92,762026.54
"Sub-Saharan Africa",Uganda,"Personal Care",Online,L,3/3/2014,462004125,3/29/2014,6142,81.73,56.67,501985.66,348067.14,153918.52
"Sub-Saharan Africa","Cape Verde",Fruits,Online,L,5/18/2010,627602851,6/8/2010,485,9.33,6.92,4525.05,3356.20,1168.85
Europe,Russia,Vegetables,Online,C,1/25/2017,444674050,2/3/2017,7788,154.06,90.93,1199819.28,708162.84,491656.44
"Sub-Saharan Africa","Cape Verde",Household,Online,L,12/14/2015,585141551,12/17/2015,5243,668.27,502.54,3503739.61,2634817.22,868922.39
"Sub-Saharan Africa","Cape Verde",Beverages,Online,M,7/7/2012,441241681,8/7/2012,2074,47.45,31.79,98411.30,65932.46,32478.84
"Middle East and North Africa",Morocco,Household,Online,M,2/7/2017,375523269,2/12/2017,4535,668.27,502.54,3030604.45,2279018.90,751585.55
"Sub-Saharan Africa","South Africa",Vegetables,Offline,L,10/31/2010,370847642,11/4/2010,913,154.06,90.93,140656.78,83019.09,57637.69
"Sub-Saharan Africa","Burkina Faso","Office Supplies",Offline,M,7/13/2017,480388629,8/27/2017,6525,651.21,524.96,4249145.25,3425364.00,823781.25
"North America","United States of America",Cosmetics,Online,H,8/30/2016,377632558,9/4/2016,8721,437.20,263.33,3812821.20,2296500.93,1516320.27
"Sub-Saharan Africa",Guinea,"Baby Food",Online,H,4/3/2015,706378257,4/7/2015,1878,255.28,159.42,479415.84,299390.76,180025.08
Europe,"Vatican City",Beverages,Online,H,10/29/2013,830737054,11/21/2013,2410,47.45,31.79,114354.50,76613.90,37740.60
Europe,Lithuania,Cereal,Online,L,3/7/2010,185132777,4/6/2010,3758,205.70,117.11,773020.60,440099.38,332921.22
"Sub-Saharan Africa","Sierra Leone","Personal Care",Offline,M,10/3/2010,524301755,10/10/2010,1395,81.73,56.67,114013.35,79054.65,34958.70
"Sub-Saharan Africa",Ghana,Vegetables,Offline,M,9/10/2011,973292815,10/8/2011,7828,154.06,90.93,1205981.68,711800.04,494181.64
"Sub-Saharan Africa",Senegal,Cosmetics,Online,M,3/13/2010,277467286,4/5/2010,7591,437.20,263.33,3318785.20,1998938.03,1319847.17
Europe,Albania,"Baby Food",Offline,C,11/28/2015,852498996,12/15/2015,2252,255.28,159.42,574890.56,359013.84,215876.72
Asia,"North Korea",Vegetables,Offline,L,10/18/2016,234374272,12/3/2016,5410,154.06,90.93,833464.60,491931.30,341533.30
"Central America and the Caribbean",Guatemala,Cereal,Online,L,4/11/2013,529391944,5/12/2013,7695,205.70,117.11,1582861.50,901161.45,681700.05
"Middle East and North Africa",Turkey,Meat,Online,H,5/18/2014,764163339,5/30/2014,1768,421.89,364.69,745901.52,644771.92,101129.60
"Sub-Saharan Africa","Cape Verde",Fruits,Offline,C,4/13/2011,935612285,4/27/2011,7321,9.33,6.92,68304.93,50661.32,17643.61
Europe,Ukraine,Clothes,Offline,H,5/14/2011,660975110,6/9/2011,6078,109.28,35.84,664203.84,217835.52,446368.32
"Sub-Saharan Africa",Comoros,Fruits,Online,C,9/23/2011,527800643,10/17/2011,6794,9.33,6.92,63388.02,47014.48,16373.54
Asia,Uzbekistan,"Baby Food",Online,C,7/7/2010,743950212,8/25/2010,255,255.28,159.42,65096.40,40652.10,24444.30
Asia,Malaysia,Cosmetics,Offline,C,9/27/2010,687597644,10/26/2010,4278,437.20,263.33,1870341.60,1126525.74,743815.86
"Sub-Saharan Africa",Benin,Snacks,Online,C,6/20/2016,257229268,6/27/2016,8711,152.58,97.44,1329124.38,848799.84,480324.54
Europe,Romania,Cosmetics,Online,C,11/27/2013,321643912,12/10/2013,436,437.20,263.33,190619.20,114811.88,75807.32
"Sub-Saharan Africa",Uganda,Snacks,Offline,M,1/16/2013,469952905,2/25/2013,8363,152.58,97.44,1276026.54,814890.72,461135.82
"Sub-Saharan Africa",Mauritania,Beverages,Offline,C,7/28/2013,361580073,8/17/2013,8434,47.45,31.79,400193.30,268116.86,132076.44
"Sub-Saharan Africa",Uganda,Cereal,Online,H,3/31/2016,176261746,5/18/2016,8623,205.70,117.11,1773751.10,1009839.53,763911.57
Europe,Belarus,"Baby Food",Offline,C,7/15/2011,164046752,7/21/2011,3934,255.28,159.42,1004271.52,627158.28,377113.24
"Australia and Oceania","Papua New Guinea",Vegetables,Online,L,9/6/2013,195296418,10/20/2013,1405,154.06,90.93,216454.30,127756.65,88697.65
Europe,"Czech Republic",Clothes,Offline,L,6/30/2011,210684573,8/13/2011,5102,109.28,35.84,557546.56,182855.68,374690.88
"Central America and the Caribbean","Saint Lucia",Meat,Offline,L,7/25/2017,671197545,7/29/2017,1124,421.89,364.69,474204.36,409911.56,64292.80
"Central America and the Caribbean","Dominican Republic",Cereal,Offline,C,6/21/2011,308134162,7/3/2011,2601,205.70,117.11,535025.70,304603.11,230422.59
"Sub-Saharan Africa",Djibouti,Clothes,Offline,C,9/19/2011,173105752,10/6/2011,4694,109.28,35.84,512960.32,168232.96,344727.36
Asia,Brunei,Snacks,Online,M,5/16/2011,488036143,5/24/2011,9595,152.58,97.44,1464005.10,934936.80,529068.30
Europe,Armenia,Vegetables,Online,M,2/21/2012,195161664,3/27/2012,1528,154.06,90.93,235403.68,138941.04,96462.64
"Sub-Saharan Africa",Guinea,Meat,Online,C,1/2/2013,107031142,2/9/2013,1748,421.89,364.69,737463.72,637478.12,99985.60
"Central America and the Caribbean","El Salvador",Cosmetics,Offline,C,1/6/2014,656505906,1/26/2014,3541,437.20,263.33,1548125.20,932451.53,615673.67
Europe,Armenia,"Office Supplies",Online,M,6/29/2012,546759784,7/21/2012,7225,651.21,524.96,4704992.25,3792836.00,912156.25
"Middle East and North Africa",Qatar,Beverages,Online,L,5/30/2014,801279103,7/18/2014,5148,47.45,31.79,244272.60,163654.92,80617.68
"Middle East and North Africa",Qatar,Meat,Offline,C,6/7/2015,713862693,7/19/2015,6689,421.89,364.69,2822022.21,2439411.41,382610.80
"Australia and Oceania","Samoa ",Beverages,Online,C,4/16/2012,998621881,4/24/2012,3261,47.45,31.79,154734.45,103667.19,51067.26
"North America",Mexico,Household,Offline,M,2/24/2014,639980494,4/8/2014,3305,668.27,502.54,2208632.35,1660894.70,547737.65
"Sub-Saharan Africa",Swaziland,Vegetables,Offline,M,2/2/2016,942674863,2/3/2016,7295,154.06,90.93,1123867.70,663334.35,460533.35
Europe,Italy,"Office Supplies",Online,H,6/18/2010,581753814,7/19/2010,2736,651.21,524.96,1781710.56,1436290.56,345420.00
Europe,Albania,Cereal,Online,C,5/29/2013,552578675,7/9/2013,9164,205.70,117.11,1885034.80,1073196.04,811838.76
"Middle East and North Africa",Jordan,Beverages,Online,M,8/19/2015,120823276,9/16/2015,3147,47.45,31.79,149325.15,100043.13,49282.02
"Sub-Saharan Africa",Botswana,Beverages,Online,L,6/20/2016,872473943,6/22/2016,3283,47.45,31.79,155778.35,104366.57,51411.78
"Central America and the Caribbean","Saint Kitts and Nevis ",Vegetables,Online,H,7/14/2012,863829505,7/28/2012,5202,154.06,90.93,801420.12,473017.86,328402.26
"Sub-Saharan Africa",Tanzania,Cereal,Online,C,8/28/2016,471501290,9/22/2016,6564,205.70,117.11,1350214.80,768710.04,581504.76
"Central America and the Caribbean","Saint Lucia",Vegetables,Online,L,3/24/2016,142413127,4/28/2016,2064,154.06,90.93,317979.84,187679.52,130300.32
"Australia and Oceania",Tonga,Clothes,Offline,M,11/2/2014,843801343,11/10/2014,8423,109.28,35.84,920465.44,301880.32,618585.12
Europe,Latvia,Meat,Offline,L,5/14/2013,913214766,7/1/2013,9398,421.89,364.69,3964922.22,3427356.62,537565.60
"Middle East and North Africa",Syria,"Baby Food",Online,C,10/3/2013,108514726,10/21/2013,774,255.28,159.42,197586.72,123391.08,74195.64
Europe,Bulgaria,Cereal,Offline,C,3/24/2015,957875049,4/15/2015,5368,205.70,117.11,1104197.60,628646.48,475551.12
"Middle East and North Africa",Qatar,Fruits,Online,L,6/27/2010,209782063,7/26/2010,8029,9.33,6.92,74910.57,55560.68,19349.89
Asia,Kyrgyzstan,Cereal,Offline,H,4/1/2012,983034598,5/12/2012,638,205.70,117.11,131236.60,74716.18,56520.42
"Sub-Saharan Africa","Equatorial Guinea","Baby Food",Online,C,7/27/2011,616743981,8/25/2011,7104,255.28,159.42,1813509.12,1132519.68,680989.44
"Central America and the Caribbean",Cuba,"Office Supplies",Offline,M,12/3/2011,120334041,1/21/2012,8372,651.21,524.96,5451930.12,4394965.12,1056965.00
"Sub-Saharan Africa","Mauritius ","Office Supplies",Online,M,4/13/2010,123541104,5/2/2010,7413,651.21,524.96,4827419.73,3891528.48,935891.25
Asia,Kazakhstan,Meat,Offline,C,1/17/2016,426414000,1/18/2016,4233,421.89,364.69,1785860.37,1543732.77,242127.60
"Sub-Saharan Africa",Guinea,"Office Supplies",Offline,C,12/14/2016,449314057,12/28/2016,869,651.21,524.96,565901.49,456190.24,109711.25
"Sub-Saharan Africa","South Sudan","Personal Care",Offline,H,3/4/2013,582915103,3/23/2013,6387,81.73,56.67,522009.51,361951.29,160058.22
"Middle East and North Africa",Afghanistan,Household,Online,C,7/4/2013,838203465,8/13/2013,1887,668.27,502.54,1261025.49,948292.98,312732.51
"Sub-Saharan Africa",Gabon,Clothes,Offline,C,6/20/2016,396477973,7/26/2016,5498,109.28,35.84,600821.44,197048.32,403773.12
"Sub-Saharan Africa",Gabon,Meat,Offline,H,1/21/2014,759349954,2/23/2014,7381,421.89,364.69,3113970.09,2691776.89,422193.20
"Central America and the Caribbean","El Salvador",Clothes,Online,H,9/12/2010,798743236,10/27/2010,4728,109.28,35.84,516675.84,169451.52,347224.32
"Central America and the Caribbean",Panama,Cereal,Offline,C,11/20/2011,806894147,1/6/2012,6764,205.70,117.11,1391354.80,792132.04,599222.76
"Central America and the Caribbean",Dominica,Cosmetics,Offline,H,10/23/2012,246351516,10/26/2012,9743,437.20,263.33,4259639.60,2565624.19,1694015.41
Asia,Myanmar,Vegetables,Online,L,4/25/2017,899976670,6/7/2017,1951,154.06,90.93,300571.06,177404.43,123166.63
"Middle East and North Africa",Afghanistan,Cosmetics,Online,M,5/13/2011,120943439,6/13/2011,8706,437.20,263.33,3806263.20,2292550.98,1513712.22
"Sub-Saharan Africa",Botswana,Beverages,Online,M,4/10/2012,282738149,5/28/2012,7356,47.45,31.79,349042.20,233847.24,115194.96
"Australia and Oceania","New Zealand",Beverages,Online,L,12/9/2011,229159629,12/20/2011,2281,47.45,31.79,108233.45,72512.99,35720.46
"Middle East and North Africa",Jordan,Cosmetics,Online,H,11/15/2010,224319207,11/15/2010,9893,437.20,263.33,4325219.60,2605123.69,1720095.91
"Australia and Oceania","Marshall Islands",Cereal,Online,C,6/15/2014,602640712,7/22/2014,3633,205.70,117.11,747308.10,425460.63,321847.47
"Sub-Saharan Africa",Burundi,"Office Supplies",Online,C,12/20/2013,418860471,12/21/2013,8976,651.21,524.96,5845260.96,4712040.96,1133220.00
Europe,Albania,Fruits,Online,M,2/19/2013,598027312,3/7/2013,8426,9.33,6.92,78614.58,58307.92,20306.66
Europe,Poland,Vegetables,Offline,C,9/27/2016,785502564,10/12/2016,6519,154.06,90.93,1004317.14,592772.67,411544.47
Europe,Iceland,Household,Offline,C,9/9/2011,696960055,9/29/2011,4823,668.27,502.54,3223066.21,2423750.42,799315.79
Asia,Kyrgyzstan,Clothes,Offline,C,4/3/2016,568386113,4/19/2016,6937,109.28,35.84,758075.36,248622.08,509453.28
"Australia and Oceania",Fiji,Vegetables,Online,L,9/13/2015,706079566,10/11/2015,3489,154.06,90.93,537515.34,317254.77,220260.57
Europe,Belgium,Beverages,Offline,C,6/26/2011,136651742,8/9/2011,7142,47.45,31.79,338887.90,227044.18,111843.72
"Sub-Saharan Africa","Seychelles ",Cosmetics,Online,H,7/3/2017,657026469,8/10/2017,7588,437.20,263.33,3317473.60,1998148.04,1319325.56
"Middle East and North Africa",Oman,Cosmetics,Offline,C,11/8/2010,984440076,12/27/2010,6550,437.20,263.33,2863660.00,1724811.50,1138848.50
Europe,France,Meat,Online,H,5/5/2011,806441390,5/9/2011,2783,421.89,364.69,1174119.87,1014932.27,159187.60
Asia,Tajikistan,Fruits,Online,H,2/12/2017,330891740,3/29/2017,7074,9.33,6.92,66000.42,48952.08,17048.34
"Sub-Saharan Africa",Mali,Clothes,Offline,L,1/18/2016,735964953,3/6/2016,7239,109.28,35.84,791077.92,259445.76,531632.16
"Central America and the Caribbean","The Bahamas",Beverages,Online,L,3/13/2012,120147359,3/19/2012,3128,47.45,31.79,148423.60,99439.12,48984.48
"Australia and Oceania",Australia,Snacks,Online,H,7/1/2014,252237784,7/2/2014,1621,152.58,97.44,247332.18,157950.24,89381.94
Europe,Denmark,Meat,Offline,L,3/18/2010,721347558,4/12/2010,1627,421.89,364.69,686415.03,593350.63,93064.40
"Central America and the Caribbean",Honduras,Household,Offline,C,3/5/2014,286900508,3/13/2014,9091,668.27,502.54,6075242.57,4568591.14,1506651.43
Europe,Slovakia,Cosmetics,Online,C,1/3/2012,928632962,2/21/2012,1985,437.20,263.33,867842.00,522710.05,345131.95
Asia,Laos,Household,Offline,L,11/19/2016,196593749,12/17/2016,5314,668.27,502.54,3551186.78,2670497.56,880689.22
Europe,Estonia,Snacks,Offline,L,10/8/2012,661144196,11/20/2012,6115,152.58,97.44,933026.70,595845.60,337181.10
"Sub-Saharan Africa","Cape Verde",Cosmetics,Online,M,3/8/2011,462958133,4/5/2011,8454,437.20,263.33,3696088.80,2226191.82,1469896.98
Europe,Macedonia,Cosmetics,Offline,M,2/20/2017,963021886,3/24/2017,8431,437.20,263.33,3686033.20,2220135.23,1465897.97
"Middle East and North Africa",Iraq,Cosmetics,Offline,L,3/24/2010,892634284,5/5/2010,9176,437.20,263.33,4011747.20,2416316.08,1595431.12
