Region,Country,"Item Type","Sales Channel","Order Priority","Order Date","Order ID","Ship Date","Units Sold","Unit Price","Unit Cost","Total Revenue","Total Cost","Total Profit"
"Middle East and North Africa","Tunisia ","Office Supplies",Offline,M,3/29/2011,851423966,4/18/2011,4127,651.21,524.96,2687543.67,2166509.92,521033.75
"Australia and Oceania","Marshall Islands",Beverages,Online,C,12/17/2014,447903430,12/25/2014,3433,47.45,31.79,162895.85,109135.07,53760.78
"Australia and Oceania",Nauru,Snacks,Online,L,3/24/2010,148492085,4/7/2010,963,152.58,97.44,146934.54,93834.72,53099.82
"Sub-Saharan Africa",Mozambique,Vegetables,Offline,L,7/12/2013,821988761,7/31/2013,3596,154.06,90.93,553999.76,326984.28,227015.48
"Australia and Oceania",Tuvalu,Cosmetics,Online,L,2/21/2012,257504785,3/6/2012,243,437.20,263.33,106239.60,63989.19,42250.41
Europe,Armenia,"Office Supplies",Online,L,4/29/2013,814463984,6/1/2013,6847,651.21,524.96,4458834.87,3594401.12,864433.75
Europe,Luxembourg,Household,Online,C,4/9/2010,872602689,4/29/2010,1382,668.27,502.54,923549.14,694510.28,229038.86
Europe,Slovenia,Clothes,Online,C,2/27/2016,681969726,3/7/2016,8852,109.28,35.84,967346.56,317255.68,650090.88
Europe,"Vatican City",Cosmetics,Offline,H,12/9/2014,112926423,1/25/2015,6293,437.20,263.33,2751299.60,1657135.69,1094163.91
"Sub-Saharan Africa",Swaziland,Meat,Offline,C,7/27/2010,906146609,8/12/2010,7773,421.89,364.69,3279350.97,2834735.37,444615.60
"Sub-Saharan Africa","South Africa",Fruits,Offline,C,8/23/2015,822616612,9/10/2015,9391,9.33,6.92,87618.03,64985.72,22632.31
Asia,Vietnam,Snacks,Online,M,4/21/2017,393635261,5/28/2017,4276,152.58,97.44,652432.08,416653.44,235778.64
"Middle East and North Africa",Turkey,"Office Supplies",Online,H,5/7/2011,670813882,5/31/2011,7589,651.21,524.96,4942032.69,3983921.44,958111.25
"Middle East and North Africa",Iran,"Office Supplies",Online,L,7/21/2013,976076304,8/6/2013,1524,651.21,524.96,992444.04,800039.04,192405.00
"Sub-Saharan Africa",Djibouti,Snacks,Online,L,6/26/2010,251658856,7/11/2010,303,152.58,97.44,46231.74,29524.32,16707.42
"Middle East and North Africa",Egypt,Snacks,Offline,L,4/7/2016,210110366,4/17/2016,5181,152.58,97.44,790516.98,504836.64,285680.34
"Central America and the Caribbean","El Salvador",Fruits,Online,M,10/21/2015,384292161,10/25/2015,9445,9.33,6.92,88121.85,65359.40,22762.45
"North America",Mexico,Fruits,Online,C,12/29/2013,377378070,2/6/2014,3412,9.33,6.92,31833.96,23611.04,8222.92
Europe,Liechtenstein,Meat,Online,M,10/21/2016,312854421,11/9/2016,9430,421.89,364.69,3978422.70,3439026.70,539396.00
"Australia and Oceania","Samoa ",Snacks,Offline,H,5/1/2012,384520041,6/6/2012,6880,152.58,97.44,1049750.40,670387.20,379363.20
"Australia and Oceania","Federated States of Micronesia",Beverages,Offline,H,6/14/2012,406486260,7/31/2012,7172,47.45,31.79,340311.40,227997.88,112313.52
Europe,Latvia,Vegetables,Offline,L,3/9/2011,263176906,4/23/2011,8750,154.06,90.93,1348025.00,795637.50,552387.50
Europe,Austria,Household,Online,H,3/6/2011,359328305,4/13/2011,2085,668.27,502.54,1393342.95,1047795.90,345547.05
"Australia and Oceania","Solomon Islands",Fruits,Online,M,5/12/2012,269989287,6/3/2012,4685,9.33,6.92,43711.05,32420.20,11290.85
"Sub-Saharan Africa","Democratic Republic of the Congo","Personal Care",Offline,M,9/24/2015,990521180,9/30/2015,6084,81.73,56.67,497245.32,344780.28,152465.04
"Middle East and North Africa",Afghanistan,Beverages,Online,H,12/26/2011,886597812,2/3/2012,2850,47.45,31.79,135232.50,90601.50,44631.00
"Sub-Saharan Africa",Madagascar,Vegetables,Offline,C,8/11/2015,644205510,9/9/2015,3581,154.06,90.93,551688.86,325620.33,226068.53
"Central America and the Caribbean",Cuba,Fruits,Online,M,8/25/2015,119643104,9/21/2015,3908,9.33,6.92,36461.64,27043.36,9418.28
Europe,Croatia,"Office Supplies",Offline,H,5/9/2017,589521920,6/22/2017,1492,651.21,524.96,971605.32,783240.32,188365.00
"Middle East and North Africa",Lebanon,Cereal,Offline,H,9/8/2015,700765788,10/9/2015,1024,205.70,117.11,210636.80,119920.64,90716.16
Europe,"Czech Republic",Beverages,Online,L,3/31/2014,520611035,4/1/2014,9229,47.45,31.79,437916.05,293389.91,144526.14
"Middle East and North Africa",Israel,Beverages,Online,C,11/27/2013,186606490,12/5/2013,9862,47.45,31.79,467951.90,313512.98,154438.92
Asia,Uzbekistan,Clothes,Online,H,8/11/2016,356613481,8/26/2016,8708,109.28,35.84,951610.24,312094.72,639515.52
"Australia and Oceania","New Zealand",Cereal,Online,C,1/2/2014,858805835,1/30/2014,8586,205.70,117.11,1766140.20,1005506.46,760633.74
Europe,Belgium,Meat,Online,H,12/12/2013,241669881,12/24/2013,4343,421.89,364.69,1832268.27,1583848.67,248419.60
"Middle East and North Africa",Kuwait,"Personal Care",Online,C,1/1/2014,724004447,1/24/2014,7860,81.73,56.67,642397.80,445426.20,196971.60
"Central America and the Caribbean",Grenada,Household,Offline,C,10/17/2012,544920861,11/16/2012,3047,668.27,502.54,2036218.69,1531239.38,504979.31
"Sub-Saharan Africa",Namibia,Fruits,Online,H,10/21/2013,713842952,11/29/2013,847,9.33,6.92,7902.51,5861.24,2041.27
Asia,Singapore,"Office Supplies",Online,H,1/3/2014,960507047,1/22/2014,4235,651.21,524.96,2757874.35,2223205.60,534668.75
Asia,India,Meat,Online,L,3/23/2015,184961974,4/22/2015,3213,421.89,364.69,1355532.57,1171748.97,183783.60
Asia,Singapore,"Personal Care",Online,M,10/6/2012,507569062,11/19/2012,9820,81.73,56.67,802588.60,556499.40,246089.20
"Middle East and North Africa",Pakistan,Household,Offline,H,5/18/2014,519002139,6/6/2014,3121,668.27,502.54,2085670.67,1568427.34,517243.33
"Middle East and North Africa",Azerbaijan,Clothes,Online,C,9/18/2013,230247533,10/18/2013,4216,109.28,35.84,460724.48,151101.44,309623.04
Asia,Mongolia,Snacks,Offline,M,11/10/2016,622604072,12/17/2016,1235,152.58,97.44,188436.30,120338.40,68097.90
Asia,Kyrgyzstan,Meat,Online,M,10/25/2015,497683084,11/10/2015,4339,421.89,364.69,1830580.71,1582389.91,248190.80
"North America",Mexico,Household,Offline,H,1/4/2015,527408397,2/2/2015,720,668.27,502.54,481154.40,361828.80,119325.60
"Sub-Saharan Africa","Sierra Leone",Snacks,Online,C,5/10/2012,104016339,5/12/2012,9601,152.58,97.44,1464920.58,935521.44,529399.14
"Sub-Saharan Africa",Guinea,Clothes,Online,L,8/18/2010,490055739,8/19/2010,7238,109.28,35.84,790968.64,259409.92,531558.72
"Sub-Saharan Africa","South Africa",Clothes,Offline,C,8/30/2013,768387925,9/2/2013,1917,109.28,35.84,209489.76,68705.28,140784.48
"Middle East and North Africa",Jordan,"Office Supplies",Online,L,12/29/2014,992186725,1/23/2015,8955,651.21,524.96,5831585.55,4701016.80,1130568.75
"Central America and the Caribbean",Nicaragua,Snacks,Online,H,10/19/2016,834938466,12/3/2016,5701,152.58,97.44,869858.58,555505.44,314353.14
Europe,Slovakia,"Personal Care",Online,C,12/20/2010,940441977,1/20/2011,6535,81.73,56.67,534105.55,370338.45,163767.10
"Australia and Oceania","Marshall Islands","Personal Care",Offline,H,3/1/2013,672808587,3/16/2013,7867,81.73,56.67,642969.91,445822.89,197147.02
"Central America and the Caribbean",Cuba,Cereal,Offline,H,8/13/2013,366462123,8/28/2013,3141,205.70,117.11,646103.70,367842.51,278261.19
"Sub-Saharan Africa","Seychelles ","Baby Food",Online,L,3/10/2011,876138913,3/25/2011,7829,255.28,159.42,1998587.12,1248099.18,750487.94
"Central America and the Caribbean","Saint Lucia","Office Supplies",Online,C,3/2/2017,426887786,4/5/2017,4437,651.21,524.96,2889418.77,2329247.52,560171.25
"Sub-Saharan Africa",Burundi,Cereal,Online,H,8/14/2013,464070069,8/21/2013,7501,205.70,117.11,1542955.70,878442.11,664513.59
Asia,Taiwan,Beverages,Online,M,3/4/2010,703359591,3/11/2010,8588,47.45,31.79,407500.60,273012.52,134488.08
"Australia and Oceania",Palau,Meat,Online,H,7/12/2017,480742681,8/1/2017,1297,421.89,364.69,547191.33,473002.93,74188.40
"Central America and the Caribbean","Trinidad and Tobago","Personal Care",Online,L,5/14/2013,102518165,6/1/2013,6258,81.73,56.67,511466.34,354640.86,156825.48
Europe,Spain,Household,Online,C,4/23/2014,395297372,6/2/2014,6132,668.27,502.54,4097831.64,3081575.28,1016256.36
"Middle East and North Africa",Kuwait,Fruits,Offline,M,7/10/2011,456004130,7/20/2011,610,9.33,6.92,5691.30,4221.20,1470.10
Europe,Finland,Household,Offline,C,5/23/2012,801874768,6/10/2012,1418,668.27,502.54,947606.86,712601.72,235005.14
"Sub-Saharan Africa",Zimbabwe,Vegetables,Offline,M,1/3/2014,220458114,2/13/2014,7310,154.06,90.93,1126178.60,664698.30,461480.30
"Sub-Saharan Africa",Madagascar,Vegetables,Offline,M,7/12/2014,719615495,7/30/2014,9071,154.06,90.93,1397478.26,824826.03,572652.23
"Middle East and North Africa",Somalia,Cosmetics,Offline,L,12/15/2016,777520740,1/14/2017,4520,437.20,263.33,1976144.00,1190251.60,785892.40
Europe,Lithuania,Meat,Online,H,3/20/2010,292660176,4/6/2010,3505,421.89,364.69,1478724.45,1278238.45,200486.00
"Sub-Saharan Africa",Nigeria,Clothes,Online,C,10/21/2010,133832633,10/31/2010,2905,109.28,35.84,317458.40,104115.20,213343.20
"Australia and Oceania","Solomon Islands",Meat,Online,L,7/26/2013,790149438,7/28/2013,1632,421.89,364.69,688524.48,595174.08,93350.40
"Central America and the Caribbean","Saint Lucia",Snacks,Offline,M,8/14/2010,121034419,9/8/2010,5629,152.58,97.44,858872.82,548489.76,310383.06
"Central America and the Caribbean","The Bahamas","Office Supplies",Offline,L,4/16/2010,106223905,5/11/2010,2869,651.21,524.96,1868321.49,1506110.24,362211.25
"Sub-Saharan Africa",Namibia,Cereal,Online,M,8/15/2010,995766723,9/18/2010,8356,205.70,117.11,1718829.20,978571.16,740258.04
Europe,Poland,Fruits,Online,C,9/17/2010,860024201,11/5/2010,9128,9.33,6.92,85164.24,63165.76,21998.48
"Sub-Saharan Africa",Mozambique,Household,Offline,M,7/8/2014,539670169,7/12/2014,9250,668.27,502.54,6181497.50,4648495.00,1533002.50
"Middle East and North Africa",Morocco,"Personal Care",Offline,M,11/27/2011,495690953,1/15/2012,4823,81.73,56.67,394183.79,273319.41,120864.38
Europe,Belarus,"Personal Care",Online,H,9/29/2012,359385383,10/18/2012,8976,81.73,56.67,733608.48,508669.92,224938.56
"Central America and the Caribbean",Nicaragua,Beverages,Online,C,10/30/2012,282364785,11/14/2012,6870,47.45,31.79,325981.50,218397.30,107584.20
"Middle East and North Africa",Iran,Clothes,Online,M,10/18/2012,486552989,11/11/2012,697,109.28,35.84,76168.16,24980.48,51187.68
"Sub-Saharan Africa",Ghana,Fruits,Online,L,5/8/2014,814186322,6/25/2014,4681,9.33,6.92,43673.73,32392.52,11281.21
"Central America and the Caribbean",Panama,Meat,Offline,L,6/21/2016,277813613,7/16/2016,77,421.89,364.69,32485.53,28081.13,4404.40
"Sub-Saharan Africa",Zambia,"Personal Care",Online,L,8/21/2011,210296189,8/31/2011,171,81.73,56.67,13975.83,9690.57,4285.26
Asia,Singapore,Vegetables,Online,M,4/27/2012,214807879,6/9/2012,5280,154.06,90.93,813436.80,480110.40,333326.40
"Central America and the Caribbean",Jamaica,Meat,Online,H,11/29/2016,414835011,12/27/2016,7753,421.89,364.69,3270913.17,2827441.57,443471.60
"Middle East and North Africa","United Arab Emirates",Cereal,Online,H,7/6/2013,104176414,7/15/2013,6971,205.70,117.11,1433934.70,816373.81,617560.89
"Sub-Saharan Africa",Chad,Meat,Offline,M,12/30/2013,896943414,2/9/2014,4343,421.89,364.69,1832268.27,1583848.67,248419.60
Asia,India,"Personal Care",Offline,M,5/19/2012,877559840,6/6/2012,8313,81.73,56.67,679421.49,471097.71,208323.78
"Middle East and North Africa",Lebanon,Household,Online,H,4/26/2011,450762021,6/14/2011,9354,668.27,502.54,6250997.58,4700759.16,1550238.42
"Central America and the Caribbean",Cuba,"Office Supplies",Offline,C,9/24/2010,991598784,10/22/2010,4971,651.21,524.96,3237164.91,2609576.16,627588.75
Europe,Luxembourg,"Baby Food",Online,M,8/16/2011,795431458,9/1/2011,4700,255.28,159.42,1199816.00,749274.00,450542.00
Europe,Finland,Snacks,Online,M,4/6/2012,927933871,4/14/2012,5108,152.58,97.44,779378.64,497723.52,281655.12
"Sub-Saharan Africa",Togo,"Baby Food",Offline,L,12/28/2011,275092351,1/14/2012,4795,255.28,159.42,1224067.60,764418.90,459648.70
"Australia and Oceania",Vanuatu,Snacks,Online,L,12/29/2014,493205726,2/9/2015,9389,152.58,97.44,1432573.62,914864.16,517709.46
Europe,Norway,Cosmetics,Offline,H,5/20/2011,158885324,7/2/2011,6553,437.20,263.33,2864971.60,1725601.49,1139370.11
Europe,Portugal,Cosmetics,Online,L,4/6/2011,619054973,4/27/2011,978,437.20,263.33,427581.60,257536.74,170044.86
Asia,Thailand,Household,Offline,C,8/28/2010,140951001,10/9/2010,9388,668.27,502.54,6273718.76,4717845.52,1555873.24
"Sub-Saharan Africa",Zimbabwe,Meat,Offline,L,6/11/2010,662122237,6/16/2010,5539,421.89,364.69,2336848.71,2020017.91,316830.80
"Middle East and North Africa",Oman,Vegetables,Offline,C,7/24/2012,140430009,8/21/2012,5215,154.06,90.93,803422.90,474199.95,329222.95
"Sub-Saharan Africa",Lesotho,Beverages,Offline,H,3/27/2016,204048144,4/10/2016,1235,47.45,31.79,58600.75,39260.65,19340.10
Europe,Armenia,Snacks,Online,M,3/5/2014,301462972,4/3/2014,8447,152.58,97.44,1288843.26,823075.68,465767.58
"Sub-Saharan Africa",Ethiopia,"Personal Care",Online,C,7/7/2011,851473319,8/5/2011,8732,81.73,56.67,713666.36,494842.44,218823.92
