Region,Country,"Item Type","Sales Channel","Order Priority","Order Date","Order ID","Ship Date","Units Sold","Unit Price","Unit Cost","Total Revenue","Total Cost","Total Profit"
Asia,Tajikistan,"Personal Care",Online,L,6/16/2014,993190515,7/18/2014,5999,81.73,56.67,490298.27,339963.33,150334.94
"Sub-Saharan Africa","Cote d'Ivoire",Fruits,Offline,L,5/2/2011,836038386,6/16/2011,1192,9.33,6.92,11121.36,8248.64,2872.72
"Sub-Saharan Africa",Kenya,Clothes,Offline,M,4/7/2014,109753262,5/15/2014,7284,109.28,35.84,795995.52,261058.56,534936.96
"Sub-Saharan Africa",Togo,"Office Supplies",Online,H,7/1/2017,414383971,7/20/2017,4280,651.21,524.96,2787178.80,2246828.80,540350.00
"Central America and the Caribbean",Belize,Fruits,Online,L,5/8/2016,270291841,5/18/2016,4217,9.33,6.92,39344.61,29181.64,10162.97
"Sub-Saharan Africa",Burundi,"Office Supplies",Offline,M,12/27/2010,968150699,1/17/2011,6161,651.21,524.96,4012104.81,3234278.56,777826.25
Asia,India,Clothes,Online,H,3/19/2010,718946874,4/13/2010,1211,109.28,35.84,132338.08,43402.24,88935.84
"Sub-Saharan Africa",Guinea,Fruits,Offline,L,7/15/2012,503979194,8/18/2012,7498,9.33,6.92,69956.34,51886.16,18070.18
"Australia and Oceania",Palau,"Personal Care",Offline,L,7/15/2017,924858987,8/5/2017,5181,81.73,56.67,423443.13,293607.27,129835.86
Asia,Laos,"Personal Care",Online,L,6/28/2014,853510081,6/29/2014,1455,81.73,56.67,118917.15,82454.85,36462.30
Europe,Malta,Beverages,Online,L,6/16/2016,582168805,8/5/2016,5541,47.45,31.79,262920.45,176148.39,86772.06
"Sub-Saharan Africa",Guinea,Cereal,Online,M,1/26/2011,473383986,2/26/2011,3696,205.70,117.11,760267.20,432838.56,327428.64
"Sub-Saharan Africa","Republic of the Congo",Household,Online,C,4/21/2017,510016953,5/14/2017,4205,668.27,502.54,2810075.35,2113180.70,696894.65
Europe,Austria,"Baby Food",Offline,C,7/22/2013,745241534,9/3/2013,2386,255.28,159.42,609098.08,380376.12,228721.96
Europe,Italy,Meat,Online,L,2/22/2017,852544057,3/12/2017,5587,421.89,364.69,2357099.43,2037523.03,319576.40
Europe,"Bosnia and Herzegovina",Vegetables,Offline,L,5/21/2012,575723350,6/9/2012,8188,154.06,90.93,1261443.28,744534.84,516908.44
"Middle East and North Africa",Qatar,Clothes,Online,H,12/11/2014,178890740,1/4/2015,6600,109.28,35.84,721248.00,236544.00,484704.00
"Sub-Saharan Africa",Eritrea,Beverages,Online,M,1/18/2015,896470057,1/21/2015,4266,47.45,31.79,202421.70,135616.14,66805.56
Europe,"Bosnia and Herzegovina",Household,Online,M,7/25/2011,883197629,9/3/2011,6660,668.27,502.54,4450678.20,3346916.40,1103761.80
"Sub-Saharan Africa",Kenya,Cosmetics,Online,C,10/10/2015,164122283,10/14/2015,6286,437.20,263.33,2748239.20,1655292.38,1092946.82
"Sub-Saharan Africa",Zambia,Cosmetics,Offline,L,4/27/2017,184605348,5/28/2017,7680,437.20,263.33,3357696.00,2022374.40,1335321.60
"Sub-Saharan Africa",Nigeria,Meat,Offline,M,9/8/2010,660320651,10/20/2010,2409,421.89,364.69,1016333.01,878538.21,137794.80
"Central America and the Caribbean","El Salvador",Clothes,Online,L,2/22/2014,927254521,3/16/2014,4073,109.28,35.84,445097.44,145976.32,299121.12
"Central America and the Caribbean",Grenada,Snacks,Offline,L,12/13/2012,391705787,1/29/2013,3302,152.58,97.44,503819.16,321746.88,182072.28
"Middle East and North Africa",Egypt,"Baby Food",Online,L,2/24/2016,780285775,2/26/2016,2755,255.28,159.42,703296.40,439202.10,264094.30
"Australia and Oceania",Tuvalu,Beverages,Online,C,11/27/2014,289918315,12/11/2014,2127,47.45,31.79,100926.15,67617.33,33308.82
"Sub-Saharan Africa",Botswana,Beverages,Offline,C,8/11/2016,337839734,9/2/2016,3140,47.45,31.79,148993.00,99820.60,49172.40
"Middle East and North Africa",Iraq,"Office Supplies",Online,C,10/13/2010,611598861,10/15/2010,4549,651.21,524.96,2962354.29,2388043.04,574311.25
Europe,Lithuania,"Personal Care",Online,L,9/19/2010,419057023,11/4/2010,7140,81.73,56.67,583552.20,404623.80,178928.40
"Central America and the Caribbean",Grenada,"Personal Care",Online,L,11/7/2011,938388049,12/7/2011,8732,81.73,56.67,713666.36,494842.44,218823.92
"Australia and Oceania","East Timor","Office Supplies",Online,C,9/5/2010,268078267,10/23/2010,9171,651.21,524.96,5972246.91,4814408.16,1157838.75
"Australia and Oceania",Australia,Vegetables,Offline,M,2/16/2016,176926505,3/16/2016,5339,154.06,90.93,822526.34,485475.27,337051.07
Asia,India,"Baby Food",Offline,C,6/19/2015,254044091,7/7/2015,6147,255.28,159.42,1569206.16,979954.74,589251.42
Asia,Malaysia,Meat,Offline,L,12/15/2015,158854854,1/30/2016,7536,421.89,364.69,3179363.04,2748303.84,431059.20
"Sub-Saharan Africa",Guinea,"Office Supplies",Online,L,10/13/2010,971095120,10/20/2010,7481,651.21,524.96,4871702.01,3927225.76,944476.25
"Middle East and North Africa",Qatar,"Personal Care",Online,M,2/18/2013,240813720,3/26/2013,986,81.73,56.67,80585.78,55876.62,24709.16
Europe,Netherlands,"Personal Care",Online,L,7/14/2014,538371980,8/12/2014,5087,81.73,56.67,415760.51,288280.29,127480.22
"Sub-Saharan Africa",Mauritania,"Baby Food",Offline,M,5/13/2011,904443728,6/2/2011,3853,255.28,159.42,983593.84,614245.26,369348.58
"Central America and the Caribbean",Haiti,Cosmetics,Online,M,3/19/2016,900015294,3/27/2016,3381,437.20,263.33,1478173.20,890318.73,587854.47
Europe,Sweden,"Personal Care",Online,C,3/26/2016,156385505,4/25/2016,6801,81.73,56.67,555845.73,385412.67,170433.06
Asia,Kyrgyzstan,Meat,Online,C,10/15/2014,625165688,11/19/2014,9275,421.89,364.69,3913029.75,3382499.75,530530.00
"Middle East and North Africa","Saudi Arabia",Fruits,Offline,M,7/6/2012,728279674,7/16/2012,2994,9.33,6.92,27934.02,20718.48,7215.54
"Sub-Saharan Africa",Senegal,Snacks,Online,C,2/11/2011,307963788,2/19/2011,2183,152.58,97.44,333082.14,212711.52,120370.62
"Middle East and North Africa",Bahrain,Meat,Offline,H,2/23/2017,176766860,3/14/2017,8097,421.89,364.69,3416043.33,2952894.93,463148.40
Europe,Austria,"Baby Food",Online,M,7/8/2015,767550218,8/21/2015,4021,255.28,159.42,1026480.88,641027.82,385453.06
"Sub-Saharan Africa",Djibouti,Meat,Offline,H,2/14/2011,783487689,3/11/2011,273,421.89,364.69,115175.97,99560.37,15615.60
"Sub-Saharan Africa",Zambia,Clothes,Offline,H,6/30/2017,348065602,7/16/2017,9201,109.28,35.84,1005485.28,329763.84,675721.44
"Central America and the Caribbean",Guatemala,"Office Supplies",Offline,L,3/2/2015,555082786,3/12/2015,186,651.21,524.96,121125.06,97642.56,23482.50
Europe,"United Kingdom",Vegetables,Online,H,1/5/2016,318650567,1/19/2016,4639,154.06,90.93,714684.34,421824.27,292860.07
"Sub-Saharan Africa","Democratic Republic of the Congo","Baby Food",Offline,M,1/18/2014,423192775,2/8/2014,1001,255.28,159.42,255535.28,159579.42,95955.86
"Middle East and North Africa",Iran,"Baby Food",Online,L,12/5/2011,373445737,1/13/2012,9747,255.28,159.42,2488214.16,1553866.74,934347.42
"Middle East and North Africa",Syria,Clothes,Offline,L,2/23/2017,644458281,3/8/2017,8382,109.28,35.84,915984.96,300410.88,615574.08
"Middle East and North Africa",Iran,"Personal Care",Offline,L,7/25/2015,431591737,7/28/2015,6441,81.73,56.67,526422.93,365011.47,161411.46
"Central America and the Caribbean",Grenada,Beverages,Offline,H,1/6/2013,800519931,1/12/2013,492,47.45,31.79,23345.40,15640.68,7704.72
Asia,Laos,Snacks,Online,C,6/1/2016,637229192,7/5/2016,9133,152.58,97.44,1393513.14,889919.52,503593.62
Europe,"San Marino","Personal Care",Offline,M,10/25/2014,698018348,11/28/2014,7995,81.73,56.67,653431.35,453076.65,200354.70
"Central America and the Caribbean","Saint Vincent and the Grenadines",Cereal,Offline,M,6/16/2013,459498727,7/5/2013,4739,205.70,117.11,974812.30,554984.29,419828.01
"Sub-Saharan Africa",Lesotho,Meat,Online,L,11/19/2014,368594157,12/29/2014,4057,421.89,364.69,1711607.73,1479547.33,232060.40
"Australia and Oceania","Solomon Islands","Personal Care",Online,M,2/11/2015,492540967,2/20/2015,2672,81.73,56.67,218382.56,151422.24,66960.32
"Sub-Saharan Africa","Republic of the Congo",Cosmetics,Online,C,1/10/2015,968887984,2/10/2015,4340,437.20,263.33,1897448.00,1142852.20,754595.80
Europe,Germany,Cereal,Online,L,7/24/2016,655496537,8/12/2016,4847,205.70,117.11,997027.90,567632.17,429395.73
"Sub-Saharan Africa","Burkina Faso","Baby Food",Online,L,5/15/2011,280540454,6/12/2011,7009,255.28,159.42,1789257.52,1117374.78,671882.74
Europe,Denmark,Vegetables,Offline,L,11/16/2014,192506062,12/10/2014,5677,154.06,90.93,874598.62,516209.61,358389.01
Europe,Germany,Snacks,Offline,C,1/27/2017,810192191,2/8/2017,2728,152.58,97.44,416238.24,265816.32,150421.92
"Sub-Saharan Africa",Chad,Household,Offline,L,8/3/2016,372710168,8/14/2016,2076,668.27,502.54,1387328.52,1043273.04,344055.48
"Sub-Saharan Africa",Burundi,Meat,Online,L,11/27/2016,789483821,12/26/2016,4662,421.89,364.69,1966851.18,1700184.78,266666.40
Europe,"United Kingdom",Vegetables,Online,H,12/29/2014,890249478,2/1/2015,3459,154.06,90.93,532893.54,314526.87,218366.67
"Sub-Saharan Africa",Mozambique,"Personal Care",Online,L,9/3/2012,475055968,10/8/2012,8473,81.73,56.67,692498.29,480164.91,212333.38
Asia,Nepal,Cosmetics,Online,H,11/1/2012,764264619,11/5/2012,1739,437.20,263.33,760290.80,457930.87,302359.93
"Middle East and North Africa",Libya,Vegetables,Offline,H,8/24/2015,348549258,8/24/2015,2326,154.06,90.93,358343.56,211503.18,146840.38
"Australia and Oceania","New Zealand",Snacks,Online,L,10/4/2014,138896214,11/22/2014,1331,152.58,97.44,203083.98,129692.64,73391.34
Europe,Switzerland,Snacks,Offline,H,4/6/2016,216604316,4/14/2016,6885,152.58,97.44,1050513.30,670874.40,379638.90
"Australia and Oceania","East Timor",Clothes,Online,M,2/27/2012,283284890,3/2/2012,9149,109.28,35.84,999802.72,327900.16,671902.56
"Sub-Saharan Africa",Angola,Clothes,Offline,M,6/11/2014,110861766,6/12/2014,5315,109.28,35.84,580823.20,190489.60,390333.60
Asia,"North Korea",Cereal,Online,M,6/17/2013,891571271,7/11/2013,4607,205.70,117.11,947659.90,539525.77,408134.13
"Sub-Saharan Africa",Namibia,Household,Offline,M,12/26/2011,287962234,2/3/2012,3279,668.27,502.54,2191257.33,1647828.66,543428.67
"Central America and the Caribbean",Jamaica,Household,Online,H,11/6/2013,982895982,11/27/2013,9618,668.27,502.54,6427420.86,4833429.72,1593991.14
Europe,Netherlands,Snacks,Online,M,8/4/2012,329546344,9/12/2012,8941,152.58,97.44,1364217.78,871211.04,493006.74
"Middle East and North Africa",Kuwait,Fruits,Offline,M,5/23/2010,701399648,6/12/2010,8597,9.33,6.92,80210.01,59491.24,20718.77
"Middle East and North Africa",Iraq,Vegetables,Offline,L,4/11/2014,942254722,5/15/2014,2966,154.06,90.93,456941.96,269698.38,187243.58
"Central America and the Caribbean","Costa Rica",Cosmetics,Offline,M,3/13/2017,416222894,3/24/2017,8458,437.20,263.33,3697837.60,2227245.14,1470592.46
"Australia and Oceania",Palau,Beverages,Online,H,12/14/2016,357727992,1/3/2017,8517,47.45,31.79,404131.65,270755.43,133376.22
"Sub-Saharan Africa",Mauritania,"Personal Care",Offline,M,5/29/2012,721506345,7/12/2012,8616,81.73,56.67,704185.68,488268.72,215916.96
"Australia and Oceania","Samoa ",Cereal,Online,M,11/8/2014,632606780,11/11/2014,1259,205.70,117.11,258976.30,147441.49,111534.81
"Middle East and North Africa",Lebanon,Vegetables,Online,L,12/3/2013,636390626,1/4/2014,983,154.06,90.93,151440.98,89384.19,62056.79
"Central America and the Caribbean",Panama,Cosmetics,Offline,C,9/4/2011,448531711,9/7/2011,9355,437.20,263.33,4090006.00,2463452.15,1626553.85
Europe,Belarus,Fruits,Offline,L,3/28/2011,305016362,3/30/2011,9975,9.33,6.92,93066.75,69027.00,24039.75
"Central America and the Caribbean",Haiti,Cosmetics,Offline,H,1/3/2013,512143409,1/5/2013,3470,437.20,263.33,1517084.00,913755.10,603328.90
"Sub-Saharan Africa",Togo,Meat,Offline,L,11/20/2010,996524178,1/2/2011,2504,421.89,364.69,1056412.56,913183.76,143228.80
"Sub-Saharan Africa","Sao Tome and Principe",Snacks,Offline,M,3/11/2011,855082499,4/27/2011,6768,152.58,97.44,1032661.44,659473.92,373187.52
Asia,Kyrgyzstan,Meat,Online,H,9/24/2013,605054700,9/27/2013,7986,421.89,364.69,3369213.54,2912414.34,456799.20
Europe,Switzerland,Clothes,Online,L,8/8/2015,833989608,9/19/2015,4913,109.28,35.84,536892.64,176081.92,360810.72
Asia,Maldives,Beverages,Offline,H,12/14/2014,849748551,2/2/2015,8334,47.45,31.79,395448.30,264937.86,130510.44
Asia,China,Cosmetics,Online,C,10/16/2014,930505359,10/23/2014,6068,437.20,263.33,2652929.60,1597886.44,1055043.16
Europe,Sweden,Meat,Online,C,8/13/2011,974746358,8/19/2011,7963,421.89,364.69,3359510.07,2904026.47,455483.60
Asia,Laos,Cereal,Online,M,5/8/2014,951270377,6/4/2014,899,205.70,117.11,184924.30,105281.89,79642.41
Asia,Vietnam,Household,Offline,L,4/6/2010,449188745,4/18/2010,3786,668.27,502.54,2530070.22,1902616.44,627453.78
"Central America and the Caribbean",Barbados,Vegetables,Online,H,3/11/2014,927925288,4/24/2014,2568,154.06,90.93,395626.08,233508.24,162117.84
Asia,Japan,"Personal Care",Offline,H,10/1/2011,767216336,10/19/2011,5218,81.73,56.67,426467.14,295704.06,130763.08
"Sub-Saharan Africa",Cameroon,Vegetables,Online,C,2/13/2016,217110717,2/29/2016,6741,154.06,90.93,1038518.46,612959.13,425559.33
