Region,Country,"Item Type","Sales Channel","Order Priority","Order Date","Order ID","Ship Date","Units Sold","Unit Price","Unit Cost","Total Revenue","Total Cost","Total Profit"
"Middle East and North Africa",Turkey,Beverages,Offline,C,11/4/2012,871633660,11/22/2012,4625,47.45,31.79,219456.25,147028.75,72427.50
Asia,China,Snacks,Online,H,11/11/2010,532767665,12/5/2010,6646,152.58,97.44,1014046.68,647586.24,366460.44
Europe,Andorra,Household,Online,M,3/5/2016,981799924,4/7/2016,5270,668.27,502.54,3521782.90,2648385.80,873397.10
"Sub-Saharan Africa",Sudan,"Personal Care",Offline,M,5/10/2017,443779265,5/27/2017,3001,81.73,56.67,245271.73,170066.67,75205.06
"Central America and the Caribbean",Dominica,Fruits,Offline,C,8/11/2011,364067018,8/21/2011,4376,9.33,6.92,40828.08,30281.92,10546.16
Europe,"United Kingdom","Personal Care",Online,M,2/22/2016,458337008,3/28/2016,961,81.73,56.67,78542.53,54459.87,24082.66
"Sub-Saharan Africa","Democratic Republic of the Congo",Fruits,Offline,L,5/13/2011,962575566,6/7/2011,6355,9.33,6.92,59292.15,43976.60,15315.55
"Central America and the Caribbean",Guatemala,Beverages,Online,C,10/25/2012,383081519,11/1/2012,1189,47.45,31.79,56418.05,37798.31,18619.74
Europe,Slovakia,"Baby Food",Offline,H,5/27/2014,446466195,6/13/2014,8123,255.28,159.42,2073639.44,1294968.66,778670.78
Asia,Malaysia,Fruits,Online,C,11/11/2014,249653422,12/11/2014,6850,9.33,6.92,63910.50,47402.00,16508.50
"Australia and Oceania","Marshall Islands",Snacks,Online,C,1/3/2014,309879529,2/8/2014,9094,152.58,97.44,1387562.52,886119.36,501443.16
Asia,Mongolia,Fruits,Offline,C,7/3/2016,314693343,7/14/2016,3608,9.33,6.92,33662.64,24967.36,8695.28
Europe,Iceland,Meat,Offline,L,12/7/2012,471956193,1/22/2013,1180,421.89,364.69,497830.20,430334.20,67496.00
Asia,Maldives,"Baby Food",Offline,C,11/16/2013,159841907,12/5/2013,9627,255.28,159.42,2457580.56,1534736.34,922844.22
Europe,Finland,Clothes,Online,C,10/29/2015,176836812,11/20/2015,8797,109.28,35.84,961336.16,315284.48,646051.68
"Sub-Saharan Africa","Democratic Republic of the Congo",Clothes,Online,H,7/24/2012,491739737,8/29/2012,5571,109.28,35.84,608798.88,199664.64,409134.24
"Central America and the Caribbean","Saint Lucia",Beverages,Offline,L,1/27/2014,693662011,1/31/2014,8859,47.45,31.79,420359.55,281627.61,138731.94
"Australia and Oceania","Federated States of Micronesia",Cosmetics,Offline,M,6/23/2012,442027461,6/30/2012,4603,437.20,263.33,2012431.60,1212107.99,800323.61
Europe,Estonia,Cosmetics,Offline,L,2/9/2016,816572415,3/23/2016,779,437.20,263.33,340578.80,205134.07,135444.73
"Australia and Oceania","East Timor",Clothes,Offline,C,6/5/2015,267345702,7/16/2015,2389,109.28,35.84,261069.92,85621.76,175448.16
"Sub-Saharan Africa","Republic of the Congo","Office Supplies",Online,C,2/8/2017,464708650,2/8/2017,6471,651.21,524.96,4213979.91,3397016.16,816963.75
Asia,Myanmar,Snacks,Offline,M,7/13/2017,449335086,7/18/2017,7092,152.58,97.44,1082097.36,691044.48,391052.88
Europe,"Czech Republic",Vegetables,Online,M,2/21/2014,682211339,2/24/2014,350,154.06,90.93,53921.00,31825.50,22095.50
Asia,Singapore,"Office Supplies",Online,H,10/23/2016,794636237,11/25/2016,9376,651.21,524.96,6105744.96,4922024.96,1183720.00
"Australia and Oceania","Solomon Islands",Vegetables,Online,M,10/2/2013,938221108,11/13/2013,9330,154.06,90.93,1437379.80,848376.90,589002.90
"Sub-Saharan Africa",Uganda,Vegetables,Online,L,3/6/2013,434889781,3/24/2013,2405,154.06,90.93,370514.30,218686.65,151827.65
"Sub-Saharan Africa","Democratic Republic of the Congo",Meat,Online,C,10/17/2016,926878583,11/1/2016,2825,421.89,364.69,1191839.25,1030249.25,161590.00
"Sub-Saharan Africa",Angola,"Baby Food",Offline,C,1/4/2016,526736342,1/24/2016,1844,255.28,159.42,470736.32,293970.48,176765.84
"Sub-Saharan Africa","Sao Tome and Principe",Clothes,Offline,M,11/15/2010,567324388,12/22/2010,2748,109.28,35.84,300301.44,98488.32,201813.12
"Sub-Saharan Africa",Malawi,Snacks,Offline,L,11/9/2013,651816546,11/15/2013,5856,152.58,97.44,893508.48,570608.64,322899.84
"Australia and Oceania",Australia,Snacks,Online,H,10/12/2015,903699147,11/14/2015,3515,152.58,97.44,536318.70,342501.60,193817.10
Asia,Bangladesh,Household,Offline,M,4/23/2012,616771018,5/2/2012,5105,668.27,502.54,3411518.35,2565466.70,846051.65
"Sub-Saharan Africa",Djibouti,"Baby Food",Online,C,5/2/2015,505143487,6/14/2015,2038,255.28,159.42,520260.64,324897.96,195362.68
"Middle East and North Africa",Israel,Meat,Offline,H,4/14/2011,453240382,5/9/2011,2756,421.89,364.69,1162728.84,1005085.64,157643.20
Europe,Estonia,Meat,Offline,L,5/22/2010,865798032,6/7/2010,7732,421.89,364.69,3262053.48,2819783.08,442270.40
"North America",Greenland,Household,Offline,H,7/30/2012,417865264,8/9/2012,4472,668.27,502.54,2988503.44,2247358.88,741144.56
Asia,Indonesia,Fruits,Online,L,4/10/2011,104803407,4/27/2011,2512,9.33,6.92,23436.96,17383.04,6053.92
Europe,Russia,"Personal Care",Offline,H,4/26/2012,992286288,5/30/2012,8418,81.73,56.67,688003.14,477048.06,210955.08
Europe,Iceland,Snacks,Offline,C,1/21/2015,166300237,2/11/2015,790,152.58,97.44,120538.20,76977.60,43560.60
"Sub-Saharan Africa",Benin,Fruits,Offline,L,2/6/2016,183144080,3/6/2016,5258,9.33,6.92,49057.14,36385.36,12671.78
"Middle East and North Africa",Azerbaijan,Household,Offline,C,2/17/2013,519429147,3/7/2013,9482,668.27,502.54,6336536.14,4765084.28,1571451.86
Asia,"North Korea",Vegetables,Online,C,4/4/2016,722079265,5/14/2016,8155,154.06,90.93,1256359.30,741534.15,514825.15
Europe,Montenegro,"Baby Food",Offline,M,12/5/2013,858330762,12/12/2013,8001,255.28,159.42,2042495.28,1275519.42,766975.86
"Sub-Saharan Africa",Malawi,Meat,Online,C,8/6/2014,165732467,8/30/2014,2775,421.89,364.69,1170744.75,1012014.75,158730.00
Europe,Ukraine,"Personal Care",Offline,C,8/17/2012,202145707,8/20/2012,8262,81.73,56.67,675253.26,468207.54,207045.72
Europe,Finland,"Baby Food",Online,H,10/24/2014,795744311,10/25/2014,7280,255.28,159.42,1858438.40,1160577.60,697860.80
"Australia and Oceania",Kiribati,Cosmetics,Offline,L,11/13/2013,495014607,12/16/2013,4678,437.20,263.33,2045221.60,1231857.74,813363.86
Europe,France,Snacks,Online,L,12/5/2014,618755424,12/8/2014,2335,152.58,97.44,356274.30,227522.40,128751.90
Europe,Switzerland,Cosmetics,Online,H,8/14/2016,306078088,9/15/2016,4163,437.20,263.33,1820063.60,1096242.79,723820.81
"Sub-Saharan Africa",Ethiopia,Clothes,Online,H,11/7/2014,566406428,12/2/2014,1104,109.28,35.84,120645.12,39567.36,81077.76
Europe,Andorra,Household,Online,H,3/1/2014,229476773,3/4/2014,6132,668.27,502.54,4097831.64,3081575.28,1016256.36
"Sub-Saharan Africa",Comoros,Vegetables,Offline,H,5/21/2016,895337951,6/14/2016,9251,154.06,90.93,1425209.06,841193.43,584015.63
"North America","United States of America","Personal Care",Offline,H,10/29/2016,184351289,11/8/2016,2498,81.73,56.67,204161.54,141561.66,62599.88
"Sub-Saharan Africa",Benin,Clothes,Online,C,8/29/2015,287190616,9/18/2015,4940,109.28,35.84,539843.20,177049.60,362793.60
"Sub-Saharan Africa","Seychelles ",Household,Offline,L,2/9/2014,314842259,3/9/2014,7676,668.27,502.54,5129640.52,3857497.04,1272143.48
Europe,Belgium,Fruits,Offline,M,9/8/2010,348605048,10/24/2010,8835,9.33,6.92,82430.55,61138.20,21292.35
Asia,India,Cosmetics,Offline,C,7/17/2012,990090310,9/2/2012,8580,437.20,263.33,3751176.00,2259371.40,1491804.60
Europe,"United Kingdom",Vegetables,Offline,M,7/11/2016,211221873,8/25/2016,4101,154.06,90.93,631800.06,372903.93,258896.13
Asia,Philippines,Vegetables,Offline,M,12/26/2012,104236066,1/10/2013,4623,154.06,90.93,712219.38,420369.39,291849.99
Europe,Switzerland,Clothes,Online,M,4/7/2012,131681716,5/1/2012,6401,109.28,35.84,699501.28,229411.84,470089.44
Europe,Iceland,"Baby Food",Offline,H,8/16/2010,276420152,10/4/2010,7720,255.28,159.42,1970761.60,1230722.40,740039.20
"Sub-Saharan Africa","Central African Republic",Household,Online,L,9/29/2016,591625201,10/3/2016,3899,668.27,502.54,2605584.73,1959403.46,646181.27
Europe,Latvia,Beverages,Offline,H,2/4/2010,750783193,2/25/2010,2286,47.45,31.79,108470.70,72671.94,35798.76
"Sub-Saharan Africa",Ghana,Cosmetics,Online,H,11/3/2012,497692954,11/20/2012,7260,437.20,263.33,3174072.00,1911775.80,1262296.20
"Australia and Oceania","Samoa ","Office Supplies",Offline,H,5/13/2010,996465814,6/6/2010,5233,651.21,524.96,3407781.93,2747115.68,660666.25
"Central America and the Caribbean",Honduras,Beverages,Offline,L,8/10/2015,781525599,8/18/2015,9647,47.45,31.79,457750.15,306678.13,151072.02
"Middle East and North Africa",Azerbaijan,Household,Online,H,4/16/2012,707608640,4/21/2012,5976,668.27,502.54,3993581.52,3003179.04,990402.48
Europe,Norway,"Personal Care",Offline,C,9/14/2011,799763762,10/19/2011,6725,81.73,56.67,549634.25,381105.75,168528.50
"Middle East and North Africa","Tunisia ","Personal Care",Online,L,1/20/2011,703352296,2/19/2011,6429,81.73,56.67,525442.17,364331.43,161110.74
"Sub-Saharan Africa",Burundi,"Office Supplies",Offline,L,5/26/2012,134048068,6/10/2012,6657,651.21,524.96,4335104.97,3494658.72,840446.25
"Sub-Saharan Africa",Liberia,Clothes,Online,M,4/18/2011,227837407,5/12/2011,1007,109.28,35.84,110044.96,36090.88,73954.08
"Australia and Oceania",Tuvalu,"Office Supplies",Offline,H,9/18/2015,391019141,10/21/2015,108,651.21,524.96,70330.68,56695.68,13635.00
"Central America and the Caribbean","El Salvador",Household,Offline,H,12/25/2011,550204598,1/20/2012,6622,668.27,502.54,4425283.94,3327819.88,1097464.06
Europe,Belgium,Fruits,Online,M,12/26/2013,702317607,1/27/2014,242,9.33,6.92,2257.86,1674.64,583.22
"Sub-Saharan Africa",Chad,Meat,Online,C,12/20/2013,464594495,1/26/2014,2690,421.89,364.69,1134884.10,981016.10,153868.00
"Sub-Saharan Africa",Lesotho,Household,Online,L,8/4/2016,424584090,8/23/2016,2722,668.27,502.54,1819030.94,1367913.88,451117.06
Europe,Malta,"Baby Food",Online,H,6/8/2012,790147721,6/27/2012,1124,255.28,159.42,286934.72,179188.08,107746.64
"Sub-Saharan Africa","South Africa",Clothes,Online,H,1/31/2012,939459216,2/15/2012,5714,109.28,35.84,624425.92,204789.76,419636.16
Europe,Belgium,Beverages,Offline,C,1/11/2012,771004903,3/1/2012,6339,47.45,31.79,300785.55,201516.81,99268.74
"Middle East and North Africa",Somalia,Household,Online,C,8/16/2013,253583610,8/18/2013,9880,668.27,502.54,6602507.60,4965095.20,1637412.40
Asia,Uzbekistan,Clothes,Online,H,9/17/2011,776306664,10/4/2011,5248,109.28,35.84,573501.44,188088.32,385413.12
"Sub-Saharan Africa",Mauritania,Cereal,Offline,C,7/22/2013,198597896,8/16/2013,8385,205.70,117.11,1724794.50,981967.35,742827.15
"Australia and Oceania",Tonga,Meat,Offline,C,5/4/2012,500193631,5/26/2012,7266,421.89,364.69,3065452.74,2649837.54,415615.20
"Sub-Saharan Africa",Ghana,Household,Online,H,9/4/2013,131142699,10/14/2013,6894,668.27,502.54,4607053.38,3464510.76,1142542.62
Asia,Vietnam,Cereal,Online,C,9/1/2016,761806428,9/28/2016,4306,205.70,117.11,885744.20,504275.66,381468.54
Europe,Ukraine,Meat,Offline,M,2/12/2010,532858645,3/2/2010,3569,421.89,364.69,1505725.41,1301578.61,204146.80
"Middle East and North Africa",Bahrain,Fruits,Offline,M,3/11/2014,805285680,3/21/2014,783,9.33,6.92,7305.39,5418.36,1887.03
"Sub-Saharan Africa",Gabon,Clothes,Online,M,1/15/2016,310386359,2/24/2016,9076,109.28,35.84,991825.28,325283.84,666541.44
"Sub-Saharan Africa","Sao Tome and Principe",Fruits,Offline,L,6/14/2011,999772012,6/22/2011,3610,9.33,6.92,33681.30,24981.20,8700.10
Europe,Liechtenstein,Cosmetics,Offline,C,3/17/2016,395366466,3/18/2016,6578,437.20,263.33,2875901.60,1732184.74,1143716.86
"Middle East and North Africa","Tunisia ","Office Supplies",Online,H,11/14/2016,139406049,12/6/2016,2203,651.21,524.96,1434615.63,1156486.88,278128.75
"Central America and the Caribbean",Nicaragua,Fruits,Online,L,6/5/2012,144439589,6/15/2012,1739,9.33,6.92,16224.87,12033.88,4190.99
"Sub-Saharan Africa",Angola,"Personal Care",Online,H,6/29/2010,843328416,7/16/2010,8474,81.73,56.67,692580.02,480221.58,212358.44
"Sub-Saharan Africa","Sierra Leone",Vegetables,Offline,L,12/20/2015,939246356,1/24/2016,2724,154.06,90.93,419659.44,247693.32,171966.12
"Central America and the Caribbean","Saint Kitts and Nevis ",Vegetables,Online,M,2/7/2012,555679738,2/24/2012,6838,154.06,90.93,1053462.28,621779.34,431682.94
"Sub-Saharan Africa",Lesotho,"Office Supplies",Offline,C,4/11/2017,786427390,4/18/2017,196,651.21,524.96,127637.16,102892.16,24745.00
"Australia and Oceania",Tonga,Cereal,Offline,L,2/1/2013,545600640,2/13/2013,4209,205.70,117.11,865791.30,492915.99,372875.31
Europe,Cyprus,Fruits,Offline,M,4/6/2016,617623317,4/30/2016,7319,9.33,6.92,68286.27,50647.48,17638.79
"Sub-Saharan Africa",Ethiopia,Cereal,Offline,H,4/24/2014,507231748,4/26/2014,1,205.70,117.11,205.70,117.11,88.59
"Central America and the Caribbean",Panama,Vegetables,Offline,H,9/25/2014,689474761,11/6/2014,9758,154.06,90.93,1503317.48,887294.94,616022.54
