Region,Country,"Item Type","Sales Channel","Order Priority","Order Date","Order ID","Ship Date","Units Sold","Unit Price","Unit Cost","Total Revenue","Total Cost","Total Profit"
"Australia and Oceania",Fiji,"Personal Care",Offline,M,7/23/2011,671608674,8/3/2011,2786,81.73,56.67,227699.78,157882.62,69817.16
Europe,France,Cereal,Offline,L,3/20/2016,945395267,4/7/2016,2323,205.70,117.11,477841.10,272046.53,205794.57
"Sub-Saharan Africa",Zimbabwe,"Personal Care",Online,C,5/30/2015,258056676,6/19/2015,3560,81.73,56.67,290958.80,201745.20,89213.60
Europe,Belgium,Meat,Offline,M,6/7/2011,940891730,6/10/2011,9627,421.89,364.69,4061535.03,3510870.63,550664.40
Asia,Kyrgyzstan,Cereal,Offline,L,3/19/2015,445511758,4/7/2015,5684,205.70,117.11,1169198.80,665653.24,503545.56
"Middle East and North Africa",Algeria,"Personal Care",Online,M,4/1/2012,793840587,4/5/2012,3925,81.73,56.67,320790.25,222429.75,98360.50
Europe,Macedonia,Cereal,Offline,H,10/27/2011,928114545,11/6/2011,8573,205.70,117.11,1763466.10,1003984.03,759482.07
Asia,Nepal,Clothes,Online,L,11/27/2012,760882461,12/23/2012,883,109.28,35.84,96494.24,31646.72,64847.52
Europe,Belarus,"Personal Care",Offline,L,7/23/2015,725005662,7/28/2015,4141,81.73,56.67,338443.93,234670.47,103773.46
"North America",Greenland,Meat,Online,C,2/5/2017,423657977,3/17/2017,8665,421.89,364.69,3655676.85,3160038.85,495638.00
"Middle East and North Africa","Saudi Arabia",Fruits,Online,H,12/4/2015,880325734,1/5/2016,6802,9.33,6.92,63462.66,47069.84,16392.82
"Middle East and North Africa",Egypt,Household,Offline,H,4/10/2015,488807761,5/6/2015,7934,668.27,502.54,5302054.18,3987152.36,1314901.82
Asia,Japan,"Office Supplies",Offline,C,11/19/2011,863215386,12/17/2011,3470,651.21,524.96,2259698.70,1821611.20,438087.50
"Sub-Saharan Africa",Zimbabwe,Cosmetics,Offline,C,11/29/2014,987972438,12/30/2014,1854,437.20,263.33,810568.80,488213.82,322354.98
"Sub-Saharan Africa",Ghana,Fruits,Offline,M,11/12/2011,367815244,12/26/2011,3559,9.33,6.92,33205.47,24628.28,8577.19
"Australia and Oceania","Marshall Islands","Office Supplies",Online,M,3/31/2010,377792632,4/12/2010,6090,651.21,524.96,3965868.90,3197006.40,768862.50
"Sub-Saharan Africa",Chad,Clothes,Offline,C,1/18/2011,213265931,3/3/2011,8983,109.28,35.84,981662.24,321950.72,659711.52
"Sub-Saharan Africa",Burundi,Clothes,Online,L,7/18/2012,939908969,8/25/2012,8806,109.28,35.84,962319.68,315607.04,646712.64
Europe,Luxembourg,"Office Supplies",Offline,H,1/28/2014,543708074,1/31/2014,4156,651.21,524.96,2706428.76,2181733.76,524695.00
"Sub-Saharan Africa",Mauritania,Cosmetics,Offline,H,4/4/2012,680962073,5/16/2012,665,437.20,263.33,290738.00,175114.45,115623.55
"Sub-Saharan Africa","Cape Verde",Clothes,Online,C,5/6/2012,828282296,5/18/2012,5993,109.28,35.84,654915.04,214789.12,440125.92
"Middle East and North Africa",Turkey,"Office Supplies",Offline,L,11/13/2016,532592570,11/30/2016,4832,651.21,524.96,3146646.72,2536606.72,610040.00
"Central America and the Caribbean","Dominican Republic",Beverages,Online,M,4/13/2014,761129224,5/2/2014,3906,47.45,31.79,185339.70,124171.74,61167.96
"Middle East and North Africa",Israel,Cosmetics,Offline,C,1/12/2013,751441085,2/3/2013,6971,437.20,263.33,3047721.20,1835673.43,1212047.77
Europe,Luxembourg,Clothes,Offline,C,1/24/2015,261389482,3/5/2015,9811,109.28,35.84,1072146.08,351626.24,720519.84
Asia,Indonesia,"Personal Care",Online,C,1/9/2012,919148242,2/4/2012,5245,81.73,56.67,428673.85,297234.15,131439.70
"Sub-Saharan Africa",Chad,"Baby Food",Online,M,10/7/2011,373203694,11/25/2011,8121,255.28,159.42,2073128.88,1294649.82,778479.06
Europe,Russia,Household,Online,L,11/9/2011,842354667,11/20/2011,320,668.27,502.54,213846.40,160812.80,53033.60
Europe,Albania,Beverages,Online,H,12/3/2010,565712487,1/6/2011,5751,47.45,31.79,272884.95,182824.29,90060.66
Europe,Malta,Fruits,Online,H,6/11/2012,552700984,7/4/2012,5358,9.33,6.92,49990.14,37077.36,12912.78
"Middle East and North Africa",Azerbaijan,Clothes,Online,L,5/23/2013,533056485,7/11/2013,2115,109.28,35.84,231127.20,75801.60,155325.60
Asia,Malaysia,Snacks,Offline,L,8/4/2015,306827819,8/22/2015,6025,152.58,97.44,919294.50,587076.00,332218.50
"Sub-Saharan Africa",Benin,Meat,Offline,H,5/10/2014,194376313,5/13/2014,9125,421.89,364.69,3849746.25,3327796.25,521950.00
"Sub-Saharan Africa",Nigeria,Clothes,Online,L,6/3/2017,586375796,6/19/2017,484,109.28,35.84,52891.52,17346.56,35544.96
Europe,Germany,"Personal Care",Online,L,11/18/2010,593812596,12/15/2010,1198,81.73,56.67,97912.54,67890.66,30021.88
Europe,Latvia,"Baby Food",Offline,H,12/16/2015,297985541,2/4/2016,9398,255.28,159.42,2399121.44,1498229.16,900892.28
Asia,Cambodia,"Personal Care",Online,L,1/29/2017,300505959,2/4/2017,5246,81.73,56.67,428755.58,297290.82,131464.76
"Sub-Saharan Africa","Burkina Faso",Vegetables,Online,L,2/7/2011,373297679,2/19/2011,5934,154.06,90.93,914192.04,539578.62,374613.42
"Sub-Saharan Africa",Comoros,"Personal Care",Online,M,2/3/2011,808597028,3/18/2011,684,81.73,56.67,55903.32,38762.28,17141.04
"Sub-Saharan Africa","Sao Tome and Principe",Fruits,Online,L,3/28/2012,168952834,4/10/2012,5753,9.33,6.92,53675.49,39810.76,13864.73
"Sub-Saharan Africa","Cote d'Ivoire",Meat,Offline,C,10/24/2010,237226426,10/24/2010,9426,421.89,364.69,3976735.14,3437567.94,539167.20
Europe,Finland,Cereal,Offline,L,6/30/2015,166591632,7/20/2015,7021,205.70,117.11,1444219.70,822229.31,621990.39
"Central America and the Caribbean",Honduras,Cereal,Offline,L,4/25/2013,530534780,4/28/2013,5886,205.70,117.11,1210750.20,689309.46,521440.74
"Sub-Saharan Africa",Nigeria,Snacks,Offline,M,4/23/2011,172854697,5/10/2011,401,152.58,97.44,61184.58,39073.44,22111.14
"Middle East and North Africa",Jordan,Meat,Online,L,7/25/2017,257662713,9/5/2017,6977,421.89,364.69,2943526.53,2544442.13,399084.40
"Middle East and North Africa",Turkey,Vegetables,Online,H,9/27/2014,219382655,11/14/2014,9058,154.06,90.93,1395475.48,823643.94,571831.54
Europe,Slovenia,Cosmetics,Online,L,11/4/2016,912750852,11/20/2016,2115,437.20,263.33,924678.00,556942.95,367735.05
"Sub-Saharan Africa",Guinea,"Baby Food",Offline,L,6/12/2012,562816131,7/1/2012,8655,255.28,159.42,2209448.40,1379780.10,829668.30
"Sub-Saharan Africa",Mozambique,Clothes,Online,M,11/26/2013,614939820,1/6/2014,3213,109.28,35.84,351116.64,115153.92,235962.72
"Sub-Saharan Africa",Mali,Fruits,Offline,L,9/14/2015,784795749,9/15/2015,7357,9.33,6.92,68640.81,50910.44,17730.37
"Sub-Saharan Africa","Equatorial Guinea",Cereal,Offline,M,5/23/2013,408370244,7/2/2013,4685,205.70,117.11,963704.50,548660.35,415044.15
Asia,Kazakhstan,"Baby Food",Online,H,12/13/2014,691962134,1/10/2015,5827,255.28,159.42,1487516.56,928940.34,558576.22
Asia,Indonesia,Meat,Online,M,4/9/2014,662182748,4/11/2014,3445,421.89,364.69,1453411.05,1256357.05,197054.00
Europe,Luxembourg,Cereal,Online,C,2/6/2010,315955913,3/19/2010,7231,205.70,117.11,1487416.70,846822.41,640594.29
"Sub-Saharan Africa",Ghana,Cereal,Offline,L,5/25/2017,170517957,6/25/2017,8908,205.70,117.11,1832375.60,1043215.88,789159.72
Asia,Maldives,"Baby Food",Offline,H,7/13/2010,813417708,9/1/2010,7231,255.28,159.42,1845929.68,1152766.02,693163.66
"Middle East and North Africa",Pakistan,Beverages,Online,C,5/18/2010,652516496,6/25/2010,2986,47.45,31.79,141685.70,94924.94,46760.76
Europe,Russia,"Baby Food",Online,M,5/14/2012,865988147,6/6/2012,3992,255.28,159.42,1019077.76,636404.64,382673.12
"Australia and Oceania","Papua New Guinea","Office Supplies",Offline,C,1/1/2013,452318990,2/19/2013,95,651.21,524.96,61864.95,49871.20,11993.75
Europe,Albania,Fruits,Online,M,8/18/2013,280307853,10/1/2013,8178,9.33,6.92,76300.74,56591.76,19708.98
"Sub-Saharan Africa",Malawi,Cosmetics,Offline,M,8/30/2016,839066064,8/31/2016,7149,437.20,263.33,3125542.80,1882546.17,1242996.63
Europe,Latvia,Vegetables,Offline,M,3/23/2014,888017451,3/28/2014,2952,154.06,90.93,454785.12,268425.36,186359.76
"Sub-Saharan Africa",Guinea,Vegetables,Offline,H,8/24/2014,606898343,10/13/2014,3561,154.06,90.93,548607.66,323801.73,224805.93
Asia,India,Beverages,Offline,H,12/17/2015,245757567,1/2/2016,3980,47.45,31.79,188851.00,126524.20,62326.80
"Middle East and North Africa",Iran,Household,Online,M,4/9/2017,574956452,4/12/2017,1246,668.27,502.54,832664.42,626164.84,206499.58
"Central America and the Caribbean","Dominican Republic",Cosmetics,Online,L,12/16/2014,635168826,1/31/2015,9425,437.20,263.33,4120610.00,2481885.25,1638724.75
"Central America and the Caribbean",Barbados,Beverages,Online,C,1/15/2014,887381017,2/26/2014,4617,47.45,31.79,219076.65,146774.43,72302.22
"Sub-Saharan Africa","The Gambia",Fruits,Offline,L,10/23/2016,962891852,11/19/2016,9952,9.33,6.92,92852.16,68867.84,23984.32
"Sub-Saharan Africa",Eritrea,"Office Supplies",Offline,C,6/29/2011,113312661,6/30/2011,589,651.21,524.96,383562.69,309201.44,74361.25
Europe,Portugal,Snacks,Online,L,11/10/2013,360567271,11/12/2013,8723,152.58,97.44,1330955.34,849969.12,480986.22
"Sub-Saharan Africa","The Gambia","Office Supplies",Offline,L,6/24/2010,646892011,7/27/2010,8576,651.21,524.96,5584776.96,4502056.96,1082720.00
"Sub-Saharan Africa","South Africa",Meat,Online,M,6/24/2015,884835708,7/26/2015,1404,421.89,364.69,592333.56,512024.76,80308.80
"Australia and Oceania",Australia,Snacks,Online,L,10/4/2013,607259690,10/5/2013,492,152.58,97.44,75069.36,47940.48,27128.88
Europe,Macedonia,"Office Supplies",Online,H,3/21/2010,317337787,4/24/2010,6158,651.21,524.96,4010151.18,3232703.68,777447.50
"Sub-Saharan Africa",Guinea,Cosmetics,Offline,M,10/29/2010,138556325,11/30/2010,750,437.20,263.33,327900.00,197497.50,130402.50
"Sub-Saharan Africa",Guinea,Snacks,Online,L,4/1/2011,264714133,5/11/2011,3649,152.58,97.44,556764.42,355558.56,201205.86
Asia,Singapore,Beverages,Offline,L,10/17/2015,509922540,10/30/2015,6266,47.45,31.79,297321.70,199196.14,98125.56
"Sub-Saharan Africa",Senegal,Vegetables,Online,H,11/25/2010,758605372,1/10/2011,7042,154.06,90.93,1084890.52,640329.06,444561.46
"Australia and Oceania",Tonga,Fruits,Offline,H,5/15/2014,515498960,6/30/2014,6453,9.33,6.92,60206.49,44654.76,15551.73
"Sub-Saharan Africa",Senegal,Meat,Online,L,12/25/2010,255652129,1/3/2011,2001,421.89,364.69,844201.89,729744.69,114457.20
"Sub-Saharan Africa",Comoros,Cereal,Online,M,11/17/2016,974426209,12/31/2016,3224,205.70,117.11,663176.80,377562.64,285614.16
"Middle East and North Africa",Jordan,"Personal Care",Online,L,3/11/2015,137495028,4/29/2015,6689,81.73,56.67,546691.97,379065.63,167626.34
"Sub-Saharan Africa",Namibia,"Baby Food",Offline,L,10/28/2012,230844914,11/30/2012,995,255.28,159.42,254003.60,158622.90,95380.70
"North America",Mexico,Household,Offline,H,12/21/2013,210774695,2/6/2014,1771,668.27,502.54,1183506.17,889998.34,293507.83
Asia,Vietnam,Meat,Online,M,4/24/2016,453895699,4/24/2016,6679,421.89,364.69,2817803.31,2435764.51,382038.80
"Sub-Saharan Africa",Namibia,Meat,Offline,C,10/23/2014,507131755,12/10/2014,411,421.89,364.69,173396.79,149887.59,23509.20
"Sub-Saharan Africa","Central African Republic","Personal Care",Online,M,1/21/2013,437719190,3/12/2013,9690,81.73,56.67,791963.70,549132.30,242831.40
"Middle East and North Africa","Saudi Arabia",Household,Online,H,12/8/2011,383206832,12/17/2011,8272,668.27,502.54,5527929.44,4157010.88,1370918.56
"Sub-Saharan Africa",Malawi,Fruits,Online,H,5/20/2013,101456010,7/2/2013,1943,9.33,6.92,18128.19,13445.56,4682.63
"Middle East and North Africa",Iran,Vegetables,Offline,L,8/14/2016,320640552,8/16/2016,3519,154.06,90.93,542137.14,319982.67,222154.47
Asia,Bangladesh,Fruits,Online,C,5/11/2014,489246785,5/16/2014,7851,9.33,6.92,73249.83,54328.92,18920.91
Europe,Denmark,"Personal Care",Offline,H,9/26/2011,126073539,10/3/2011,6817,81.73,56.67,557153.41,386319.39,170834.02
Asia,Philippines,Clothes,Offline,M,12/13/2014,170232141,1/9/2015,4328,109.28,35.84,472963.84,155115.52,317848.32
"Central America and the Caribbean",Panama,Fruits,Offline,M,5/3/2012,731146419,5/23/2012,1328,9.33,6.92,12390.24,9189.76,3200.48
"Middle East and North Africa",Afghanistan,Cereal,Online,L,1/6/2016,638552701,1/13/2016,789,205.70,117.11,162297.30,92399.79,69897.51
"Middle East and North Africa","Tunisia ",Clothes,Offline,L,8/29/2012,592499816,10/15/2012,2717,109.28,35.84,296913.76,97377.28,199536.48
Europe,Netherlands,Cereal,Offline,H,9/24/2012,913349092,10/4/2012,9148,205.70,117.11,1881743.60,1071322.28,810421.32
"Central America and the Caribbean",Haiti,"Office Supplies",Online,L,5/25/2016,191774356,6/2/2016,9148,651.21,524.96,5957269.08,4802334.08,1154935.00
"North America",Greenland,Meat,Offline,M,4/26/2017,238761937,5/9/2017,3818,421.89,364.69,1610776.02,1392386.42,218389.60
Europe,Kosovo,Vegetables,Offline,C,12/31/2013,235610663,2/5/2014,1286,154.06,90.93,198121.16,116935.98,81185.18
