Region,Country,"Item Type","Sales Channel","Order Priority","Order Date","Order ID","Ship Date","Units Sold","Unit Price","Unit Cost","Total Revenue","Total Cost","Total Profit"
"Sub-Saharan Africa","Republic of the Congo","Personal Care",Offline,C,4/12/2011,584538590,4/18/2011,6814,81.73,56.67,556908.22,386149.38,170758.84
"Sub-Saharan Africa",Djibouti,"Baby Food",Online,M,5/19/2016,587951648,6/15/2016,6813,255.28,159.42,1739222.64,1086128.46,653094.18
"North America",Canada,Vegetables,Online,C,10/17/2012,779848897,10/18/2012,3473,154.06,90.93,535050.38,315799.89,219250.49
"Sub-Saharan Africa",Angola,"Personal Care",Online,C,1/3/2017,229029166,1/12/2017,3675,81.73,56.67,300357.75,208262.25,92095.50
"Central America and the Caribbean","The Bahamas",Household,Offline,H,4/16/2016,324603784,6/1/2016,6328,668.27,502.54,4228812.56,3180073.12,1048739.44
Asia,"North Korea",Meat,Online,C,5/4/2010,725996577,6/13/2010,7375,421.89,364.69,3111438.75,2689588.75,421850.00
"Sub-Saharan Africa","Sao Tome and Principe",Clothes,Offline,C,1/21/2015,712943875,3/2/2015,4791,109.28,35.84,523560.48,171709.44,351851.04
Asia,Laos,Fruits,Online,M,5/1/2013,535494506,5/27/2013,3579,9.33,6.92,33392.07,24766.68,8625.39
"Sub-Saharan Africa","Central African Republic","Office Supplies",Online,M,11/4/2011,964009797,12/21/2011,776,651.21,524.96,505338.96,407368.96,97970.00
Asia,Uzbekistan,Cereal,Online,H,7/15/2014,139163577,8/21/2014,450,205.70,117.11,92565.00,52699.50,39865.50
"Sub-Saharan Africa",Angola,"Office Supplies",Online,M,4/15/2011,321942174,5/29/2011,8698,651.21,524.96,5664224.58,4566102.08,1098122.50
"Australia and Oceania","Marshall Islands","Baby Food",Offline,L,12/20/2011,243644416,12/24/2011,8652,255.28,159.42,2208682.56,1379301.84,829380.72
"North America",Greenland,Cereal,Online,M,5/12/2012,955881631,5/30/2012,5471,205.70,117.11,1125384.70,640708.81,484675.89
Europe,Liechtenstein,Snacks,Offline,M,2/10/2013,880577647,3/6/2013,1349,152.58,97.44,205830.42,131446.56,74383.86
Europe,Ireland,Meat,Offline,H,12/3/2015,759968793,12/25/2015,509,421.89,364.69,214742.01,185627.21,29114.80
"Sub-Saharan Africa","Central African Republic",Cosmetics,Online,H,3/14/2012,506603896,3/16/2012,4206,437.20,263.33,1838863.20,1107565.98,731297.22
Europe,Serbia,Clothes,Offline,M,2/21/2017,553344285,3/11/2017,5725,109.28,35.84,625628.00,205184.00,420444.00
"Middle East and North Africa","Tunisia ",Cosmetics,Online,L,12/6/2012,503363788,12/16/2012,5385,437.20,263.33,2354322.00,1418032.05,936289.95
Europe,Lithuania,Vegetables,Online,M,2/6/2013,480148732,3/11/2013,5535,154.06,90.93,852722.10,503297.55,349424.55
"Sub-Saharan Africa",Eritrea,Beverages,Online,L,4/28/2013,677497947,5/27/2013,5553,47.45,31.79,263489.85,176529.87,86959.98
"Australia and Oceania","Marshall Islands",Household,Online,M,5/1/2010,909522759,5/5/2010,6851,668.27,502.54,4578317.77,3442901.54,1135416.23
Asia,Myanmar,Fruits,Offline,C,4/15/2013,160646998,4/18/2013,7872,9.33,6.92,73445.76,54474.24,18971.52
"Middle East and North Africa",Afghanistan,"Baby Food",Online,C,4/7/2017,635606992,5/11/2017,9088,255.28,159.42,2319984.64,1448808.96,871175.68
Europe,Russia,Meat,Online,H,8/17/2014,109451568,9/27/2014,8006,421.89,364.69,3377651.34,2919708.14,457943.20
Europe,Croatia,Cosmetics,Offline,H,12/7/2013,477542054,1/11/2014,4161,437.20,263.33,1819189.20,1095716.13,723473.07
Europe,Cyprus,Cosmetics,Offline,M,6/19/2013,105552279,6/30/2013,4120,437.20,263.33,1801264.00,1084919.60,716344.40
Asia,Bhutan,Clothes,Online,C,7/22/2012,579468572,8/23/2012,6482,109.28,35.84,708352.96,232314.88,476038.08
Europe,"Bosnia and Herzegovina",Cosmetics,Offline,L,5/26/2015,855589759,7/12/2015,6878,437.20,263.33,3007061.60,1811183.74,1195877.86
Asia,Cambodia,Vegetables,Offline,C,2/5/2012,410527169,2/21/2012,2967,154.06,90.93,457096.02,269789.31,187306.71
Europe,Georgia,Vegetables,Offline,C,10/4/2012,591204631,11/15/2012,9443,154.06,90.93,1454788.58,858651.99,596136.59
Europe,Latvia,Beverages,Offline,L,5/30/2013,564858472,7/6/2013,3029,47.45,31.79,143726.05,96291.91,47434.14
"Central America and the Caribbean","Saint Kitts and Nevis ",Cereal,Online,M,12/5/2014,469037520,12/8/2014,7480,205.70,117.11,1538636.00,875982.80,662653.20
Europe,Netherlands,"Office Supplies",Online,C,9/6/2011,961603105,9/13/2011,8582,651.21,524.96,5588684.22,4505206.72,1083477.50
"Central America and the Caribbean","Dominican Republic",Clothes,Offline,L,6/16/2010,970729053,6/17/2010,9153,109.28,35.84,1000239.84,328043.52,672196.32
"Sub-Saharan Africa","Democratic Republic of the Congo","Personal Care",Offline,L,7/19/2011,844901692,7/22/2011,4041,81.73,56.67,330270.93,229003.47,101267.46
"Sub-Saharan Africa",Sudan,"Office Supplies",Online,M,7/5/2012,102919852,7/24/2012,5126,651.21,524.96,3338102.46,2690944.96,647157.50
Asia,Brunei,Clothes,Online,L,12/23/2011,583894860,1/7/2012,6319,109.28,35.84,690540.32,226472.96,464067.36
Europe,Netherlands,Snacks,Offline,L,6/3/2013,597250545,7/23/2013,8563,152.58,97.44,1306542.54,834378.72,472163.82
Europe,Italy,"Baby Food",Offline,M,10/28/2013,772723233,12/10/2013,4831,255.28,159.42,1233257.68,770158.02,463099.66
Europe,Netherlands,Meat,Offline,M,1/1/2015,910361754,1/2/2015,5128,421.89,364.69,2163451.92,1870130.32,293321.60
Asia,Thailand,"Office Supplies",Online,L,4/9/2012,430527436,5/28/2012,1491,651.21,524.96,970954.11,782715.36,188238.75
Europe,Croatia,Clothes,Online,L,5/16/2013,623894107,6/29/2013,2985,109.28,35.84,326200.80,106982.40,219218.40
"Sub-Saharan Africa",Liberia,Meat,Offline,L,12/18/2011,601448094,12/28/2011,711,421.89,364.69,299963.79,259294.59,40669.20
"Sub-Saharan Africa",Djibouti,Meat,Online,C,2/15/2014,444488227,2/24/2014,2799,421.89,364.69,1180870.11,1020767.31,160102.80
"Middle East and North Africa",Israel,Household,Online,C,11/11/2011,754625833,11/26/2011,9408,668.27,502.54,6287084.16,4727896.32,1559187.84
"Central America and the Caribbean",Haiti,Household,Offline,C,3/3/2017,403784739,4/14/2017,7732,668.27,502.54,5167063.64,3885639.28,1281424.36
Europe,Georgia,Cereal,Online,L,10/28/2012,584201276,11/12/2012,6995,205.70,117.11,1438871.50,819184.45,619687.05
Asia,Vietnam,Household,Online,M,9/27/2016,758424270,11/16/2016,3450,668.27,502.54,2305531.50,1733763.00,571768.50
"Central America and the Caribbean",Grenada,Clothes,Offline,H,1/12/2010,909315049,2/3/2010,5385,109.28,35.84,588472.80,192998.40,395474.40
"Sub-Saharan Africa",Eritrea,Snacks,Offline,L,7/13/2016,190047442,7/13/2016,8116,152.58,97.44,1238339.28,790823.04,447516.24
Europe,"San Marino",Cosmetics,Offline,H,9/13/2015,974107778,9/27/2015,8993,437.20,263.33,3931739.60,2368126.69,1563612.91
Asia,Nepal,Cosmetics,Offline,M,7/25/2014,305294883,8/23/2014,2395,437.20,263.33,1047094.00,630675.35,416418.65
"Sub-Saharan Africa",Kenya,Snacks,Offline,M,8/24/2013,247720086,9/21/2013,4733,152.58,97.44,722161.14,461183.52,260977.62
Asia,Taiwan,Meat,Online,L,10/1/2010,235807216,10/30/2010,9450,421.89,364.69,3986860.50,3446320.50,540540.00
"Central America and the Caribbean",Barbados,Beverages,Online,M,4/21/2012,224292600,5/6/2012,2019,47.45,31.79,95801.55,64184.01,31617.54
"Australia and Oceania",Tonga,Fruits,Offline,L,6/18/2014,238225066,6/25/2014,4946,9.33,6.92,46146.18,34226.32,11919.86
Asia,Thailand,Fruits,Online,H,6/5/2014,822965943,7/15/2014,2766,9.33,6.92,25806.78,19140.72,6666.06
Asia,Thailand,Clothes,Offline,C,4/4/2014,794189059,5/9/2014,7046,109.28,35.84,769986.88,252528.64,517458.24
Asia,Cambodia,Meat,Offline,L,1/28/2017,387880742,2/25/2017,1386,421.89,364.69,584739.54,505460.34,79279.20
"Middle East and North Africa",Pakistan,Cereal,Offline,H,9/21/2015,810339820,11/3/2015,6415,205.70,117.11,1319565.50,751260.65,568304.85
Asia,Kazakhstan,Cereal,Offline,H,8/28/2011,188177621,9/13/2011,4795,205.70,117.11,986331.50,561542.45,424789.05
"Middle East and North Africa",Jordan,"Baby Food",Offline,L,3/14/2011,318317973,4/8/2011,6217,255.28,159.42,1587075.76,991114.14,595961.62
"Middle East and North Africa",Turkey,Cosmetics,Online,M,2/28/2014,817997205,3/7/2014,2405,437.20,263.33,1051466.00,633308.65,418157.35
"Middle East and North Africa",Oman,"Baby Food",Online,H,1/23/2010,474764144,3/5/2010,2115,255.28,159.42,539917.20,337173.30,202743.90
"Australia and Oceania","Federated States of Micronesia","Personal Care",Online,H,3/14/2012,396480119,3/28/2012,6133,81.73,56.67,501250.09,347557.11,153692.98
"Sub-Saharan Africa","Republic of the Congo",Vegetables,Offline,L,1/4/2016,861318957,1/12/2016,2275,154.06,90.93,350486.50,206865.75,143620.75
"Sub-Saharan Africa",Botswana,Cereal,Online,C,6/2/2010,867766988,6/15/2010,390,205.70,117.11,80223.00,45672.90,34550.10
Europe,Hungary,Cereal,Offline,L,12/1/2011,384623038,12/11/2011,7359,205.70,117.11,1513746.30,861812.49,651933.81
"Middle East and North Africa","Saudi Arabia",Cereal,Online,L,5/8/2015,800998437,6/20/2015,2092,205.70,117.11,430324.40,244994.12,185330.28
Asia,Philippines,"Baby Food",Offline,H,11/2/2012,876317012,12/14/2012,532,255.28,159.42,135808.96,84811.44,50997.52
"Sub-Saharan Africa",Burundi,"Personal Care",Online,H,9/16/2012,790315091,9/18/2012,653,81.73,56.67,53369.69,37005.51,16364.18
Asia,Myanmar,Household,Online,M,1/2/2013,793041503,1/11/2013,7459,668.27,502.54,4984625.93,3748445.86,1236180.07
Europe,Croatia,Household,Offline,M,10/27/2012,754857575,11/4/2012,7986,668.27,502.54,5336804.22,4013284.44,1323519.78
"Sub-Saharan Africa","The Gambia",Fruits,Online,H,2/12/2016,616437137,3/17/2016,6302,9.33,6.92,58797.66,43609.84,15187.82
"Sub-Saharan Africa",Cameroon,Snacks,Offline,M,10/3/2012,838766515,11/6/2012,8506,152.58,97.44,1297845.48,828824.64,469020.84
"Sub-Saharan Africa",Kenya,Snacks,Offline,C,8/12/2012,153144538,9/27/2012,7727,152.58,97.44,1178985.66,752918.88,426066.78
"Central America and the Caribbean","El Salvador","Personal Care",Offline,L,6/24/2011,511182534,7/13/2011,9126,81.73,56.67,745867.98,517170.42,228697.56
Asia,Myanmar,Fruits,Online,L,7/24/2017,334804332,9/4/2017,4897,9.33,6.92,45689.01,33887.24,11801.77
Asia,Philippines,"Baby Food",Online,M,6/2/2017,366246259,6/16/2017,9262,255.28,159.42,2364403.36,1476548.04,887855.32
"Sub-Saharan Africa",Senegal,"Baby Food",Offline,L,1/14/2010,518057143,2/10/2010,3476,255.28,159.42,887353.28,554143.92,333209.36
Europe,Serbia,Cereal,Offline,H,8/11/2010,323098313,9/14/2010,826,205.70,117.11,169908.20,96732.86,73175.34
Europe,Sweden,Fruits,Offline,L,6/18/2016,284543597,7/11/2016,1628,9.33,6.92,15189.24,11265.76,3923.48
Europe,Croatia,Vegetables,Online,M,11/4/2010,525879323,11/6/2010,8233,154.06,90.93,1268375.98,748626.69,519749.29
"Sub-Saharan Africa",Comoros,Cosmetics,Online,C,2/20/2012,340904319,3/2/2012,18,437.20,263.33,7869.60,4739.94,3129.66
Europe,Italy,Vegetables,Online,H,1/30/2017,443729913,2/7/2017,8397,154.06,90.93,1293641.82,763539.21,530102.61
Europe,Lithuania,Meat,Offline,H,2/12/2012,718779933,3/20/2012,1810,421.89,364.69,763620.90,660088.90,103532.00
"Sub-Saharan Africa",Ethiopia,Cereal,Offline,M,1/14/2015,670790708,1/18/2015,732,205.70,117.11,150572.40,85724.52,64847.88
"Sub-Saharan Africa","The Gambia",Clothes,Offline,C,8/18/2010,774811065,8/24/2010,2667,109.28,35.84,291449.76,95585.28,195864.48
"Sub-Saharan Africa","Central African Republic","Personal Care",Online,M,1/13/2015,226202332,1/15/2015,7152,81.73,56.67,584532.96,405303.84,179229.12
"Middle East and North Africa",Lebanon,Cosmetics,Offline,H,5/18/2011,990638339,6/28/2011,754,437.20,263.33,329648.80,198550.82,131097.98
"Sub-Saharan Africa",Madagascar,Meat,Offline,M,2/22/2014,154105412,3/24/2014,2071,421.89,364.69,873734.19,755272.99,118461.20
Europe,Lithuania,Snacks,Offline,L,5/18/2012,272902381,6/7/2012,6734,152.58,97.44,1027473.72,656160.96,371312.76
"Sub-Saharan Africa",Nigeria,Cosmetics,Online,M,5/2/2011,823640573,5/26/2011,2403,437.20,263.33,1050591.60,632781.99,417809.61
Europe,Belgium,Meat,Offline,C,7/16/2013,453243815,8/26/2013,3772,421.89,364.69,1591369.08,1375610.68,215758.40
"Sub-Saharan Africa","South Sudan",Household,Online,M,1/11/2015,128948438,2/16/2015,7563,668.27,502.54,5054126.01,3800710.02,1253415.99
Asia,Kyrgyzstan,Household,Offline,C,9/2/2016,888303267,9/12/2016,7532,668.27,502.54,5033409.64,3785131.28,1248278.36
"Middle East and North Africa",Morocco,Cereal,Online,C,11/2/2012,689169633,12/1/2012,9464,205.70,117.11,1946744.80,1108329.04,838415.76
Asia,Singapore,Household,Online,M,4/28/2010,259721362,6/14/2010,6177,668.27,502.54,4127903.79,3104189.58,1023714.21
Europe,Latvia,Beverages,Offline,H,12/23/2016,848444783,1/22/2017,2521,47.45,31.79,119621.45,80142.59,39478.86
Asia,Tajikistan,Meat,Online,L,3/25/2015,174138724,4/28/2015,373,421.89,364.69,157364.97,136029.37,21335.60
