Region,Country,"Item Type","Sales Channel","Order Priority","Order Date","Order ID","Ship Date","Units Sold","Unit Price","Unit Cost","Total Revenue","Total Cost","Total Profit"
"Sub-Saharan Africa",Ghana,Meat,Online,C,5/20/2011,954901444,6/16/2011,5412,421.89,364.69,2283268.68,1973702.28,309566.40
"Sub-Saharan Africa",Zimbabwe,Beverages,Online,M,5/7/2017,201136767,6/25/2017,9694,47.45,31.79,459980.30,308172.26,151808.04
"Australia and Oceania",Fiji,Vegetables,Offline,L,2/8/2017,549918782,3/2/2017,2043,154.06,90.93,314744.58,185769.99,128974.59
"Sub-Saharan Africa",Senegal,Meat,Offline,L,10/17/2015,620046317,10/18/2015,4339,421.89,364.69,1830580.71,1582389.91,248190.80
"Central America and the Caribbean",Nicaragua,Household,Online,C,1/13/2012,450630700,1/19/2012,493,668.27,502.54,329457.11,247752.22,81704.89
"Central America and the Caribbean",Barbados,Vegetables,Online,C,11/18/2016,151095759,12/31/2016,1448,154.06,90.93,223078.88,131666.64,91412.24
"Sub-Saharan Africa",Tanzania,Household,Offline,M,3/2/2012,351177823,4/3/2012,177,668.27,502.54,118283.79,88949.58,29334.21
"Middle East and North Africa",Oman,"Baby Food",Online,M,11/8/2014,850925719,12/8/2014,6685,255.28,159.42,1706546.80,1065722.70,640824.10
Asia,Indonesia,Fruits,Online,C,9/7/2012,170700776,9/18/2012,3008,9.33,6.92,28064.64,20815.36,7249.28
"Middle East and North Africa","Saudi Arabia",Household,Online,M,5/27/2013,501176822,6/29/2013,8214,668.27,502.54,5489169.78,4127863.56,1361306.22
"Central America and the Caribbean",Grenada,"Baby Food",Offline,L,8/29/2010,953340184,9/18/2010,3401,255.28,159.42,868207.28,542187.42,326019.86
Europe,Belgium,Vegetables,Offline,H,7/18/2010,708489692,8/21/2010,6699,154.06,90.93,1032047.94,609140.07,422907.87
Europe,Kosovo,"Office Supplies",Offline,C,8/18/2012,368236672,10/6/2012,8269,651.21,524.96,5384855.49,4340894.24,1043961.25
Europe,Denmark,Beverages,Online,M,10/7/2013,604504954,11/3/2013,5304,47.45,31.79,251674.80,168614.16,83060.64
Europe,Portugal,"Personal Care",Online,M,11/17/2011,809530866,1/2/2012,7028,81.73,56.67,574398.44,398276.76,176121.68
Europe,Switzerland,Beverages,Online,H,4/20/2017,445863234,5/10/2017,9694,47.45,31.79,459980.30,308172.26,151808.04
Asia,Singapore,Vegetables,Online,H,2/26/2011,396363389,3/25/2011,1590,154.06,90.93,244955.40,144578.70,100376.70
"Middle East and North Africa",Turkey,Meat,Online,M,4/9/2017,714205157,5/11/2017,8032,421.89,364.69,3388620.48,2929190.08,459430.40
"Sub-Saharan Africa","South Sudan",Meat,Online,H,2/9/2015,172874867,2/25/2015,6370,421.89,364.69,2687439.30,2323075.30,364364.00
"Middle East and North Africa",Turkey,Clothes,Offline,L,9/11/2011,316171348,10/28/2011,983,109.28,35.84,107422.24,35230.72,72191.52
"Central America and the Caribbean",Cuba,"Office Supplies",Offline,L,2/15/2015,508205926,2/18/2015,8282,651.21,524.96,5393321.22,4347718.72,1045602.50
Europe,Malta,Meat,Offline,C,8/18/2015,183402431,8/24/2015,1710,421.89,364.69,721431.90,623619.90,97812.00
"Middle East and North Africa","United Arab Emirates",Cereal,Online,M,1/26/2012,196497189,3/5/2012,6740,205.70,117.11,1386418.00,789321.40,597096.60
"Australia and Oceania","Marshall Islands",Fruits,Online,M,9/25/2015,572539031,10/16/2015,5877,9.33,6.92,54832.41,40668.84,14163.57
"Middle East and North Africa",Pakistan,Household,Offline,H,4/4/2016,956889283,5/11/2016,3658,668.27,502.54,2444531.66,1838291.32,606240.34
"Middle East and North Africa","Saudi Arabia",Fruits,Offline,L,9/15/2015,165221774,9/23/2015,1649,9.33,6.92,15385.17,11411.08,3974.09
Asia,Brunei,"Personal Care",Online,M,3/12/2017,233522832,4/3/2017,3450,81.73,56.67,281968.50,195511.50,86457.00
"Australia and Oceania","Solomon Islands",Meat,Offline,M,7/24/2013,568091285,7/25/2013,9690,421.89,364.69,4088114.10,3533846.10,554268.00
Europe,Montenegro,"Office Supplies",Online,H,11/4/2013,195538461,12/8/2013,3031,651.21,524.96,1973817.51,1591153.76,382663.75
Asia,Philippines,Snacks,Online,L,10/14/2016,912788188,11/28/2016,3164,152.58,97.44,482763.12,308300.16,174462.96
"North America","United States of America",Cosmetics,Offline,H,8/19/2014,537076795,9/11/2014,1813,437.20,263.33,792643.60,477417.29,315226.31
"Sub-Saharan Africa",Guinea,Clothes,Online,C,1/16/2012,555953109,3/2/2012,7734,109.28,35.84,845171.52,277186.56,567984.96
"Central America and the Caribbean","Saint Kitts and Nevis ",Snacks,Offline,H,9/29/2014,277278459,10/2/2014,1712,152.58,97.44,261216.96,166817.28,94399.68
Europe,Macedonia,"Personal Care",Offline,M,8/6/2010,879226672,8/30/2010,1566,81.73,56.67,127989.18,88745.22,39243.96
"Middle East and North Africa","United Arab Emirates","Baby Food",Offline,L,3/31/2011,460284078,3/31/2011,7142,255.28,159.42,1823209.76,1138577.64,684632.12
"Sub-Saharan Africa","Democratic Republic of the Congo",Fruits,Online,C,6/19/2010,789249503,6/30/2010,5322,9.33,6.92,49654.26,36828.24,12826.02
"Middle East and North Africa",Pakistan,Cosmetics,Offline,L,9/4/2010,555234277,9/6/2010,5016,437.20,263.33,2192995.20,1320863.28,872131.92
"Central America and the Caribbean",Grenada,Household,Offline,M,7/26/2011,317662227,7/29/2011,2167,668.27,502.54,1448141.09,1089004.18,359136.91
"Central America and the Caribbean",Belize,"Office Supplies",Online,C,11/22/2013,256269681,12/2/2013,4748,651.21,524.96,3091945.08,2492510.08,599435.00
"Middle East and North Africa","Saudi Arabia",Cosmetics,Online,H,9/11/2015,621105468,9/18/2015,7765,437.20,263.33,3394858.00,2044757.45,1350100.55
"Central America and the Caribbean",Grenada,"Personal Care",Online,M,1/28/2016,382530915,3/7/2016,8253,81.73,56.67,674517.69,467697.51,206820.18
Asia,"North Korea",Fruits,Online,L,5/30/2011,381219851,7/11/2011,280,9.33,6.92,2612.40,1937.60,674.80
"Sub-Saharan Africa","South Africa",Meat,Online,H,4/18/2014,178158605,5/1/2014,9945,421.89,364.69,4195696.05,3626842.05,568854.00
"Sub-Saharan Africa","Cote d'Ivoire",Snacks,Offline,C,11/16/2011,304646003,12/26/2011,377,152.58,97.44,57522.66,36734.88,20787.78
"Middle East and North Africa",Iraq,"Office Supplies",Offline,L,2/1/2015,912293374,2/22/2015,6737,651.21,524.96,4387201.77,3536655.52,850546.25
"Middle East and North Africa",Iraq,Household,Offline,L,12/30/2016,423024547,2/14/2017,1219,668.27,502.54,814621.13,612596.26,202024.87
"Central America and the Caribbean","Costa Rica","Personal Care",Online,H,9/27/2011,479075849,10/11/2011,8045,81.73,56.67,657517.85,455910.15,201607.70
"Central America and the Caribbean","El Salvador",Vegetables,Offline,H,6/9/2013,992996108,6/26/2013,8470,154.06,90.93,1304888.20,770177.10,534711.10
Europe,Greece,Snacks,Online,H,7/29/2014,597646653,8/4/2014,5781,152.58,97.44,882064.98,563300.64,318764.34
Europe,Kosovo,Cereal,Online,H,6/20/2012,696201312,7/14/2012,294,205.70,117.11,60475.80,34430.34,26045.46
Asia,Myanmar,Snacks,Offline,H,2/2/2013,512146413,2/25/2013,4359,152.58,97.44,665096.22,424740.96,240355.26
"Middle East and North Africa","Tunisia ",Beverages,Offline,H,2/9/2012,239280784,3/28/2012,7356,47.45,31.79,349042.20,233847.24,115194.96
"Central America and the Caribbean","The Bahamas","Baby Food",Offline,C,10/29/2013,591715753,10/31/2013,695,255.28,159.42,177419.60,110796.90,66622.70
Asia,Myanmar,Household,Offline,H,4/6/2012,553875148,5/9/2012,2819,668.27,502.54,1883853.13,1416660.26,467192.87
"Sub-Saharan Africa","Mauritius ",Meat,Online,H,1/24/2010,530495297,3/12/2010,4202,421.89,364.69,1772781.78,1532427.38,240354.40
Asia,Nepal,Snacks,Offline,L,9/28/2014,996625030,11/6/2014,2348,152.58,97.44,358257.84,228789.12,129468.72
"Middle East and North Africa",Egypt,Cosmetics,Online,M,2/19/2012,247625672,3/8/2012,6794,437.20,263.33,2970336.80,1789064.02,1181272.78
"Sub-Saharan Africa",Burundi,Clothes,Offline,C,9/1/2015,249171054,10/4/2015,4107,109.28,35.84,448812.96,147194.88,301618.08
"Middle East and North Africa",Egypt,Clothes,Offline,H,2/6/2017,787247502,3/21/2017,2885,109.28,35.84,315272.80,103398.40,211874.40
"North America",Greenland,Vegetables,Offline,L,1/21/2013,818153846,3/10/2013,8759,154.06,90.93,1349411.54,796455.87,552955.67
"Central America and the Caribbean",Guatemala,"Personal Care",Offline,M,5/11/2016,718501412,5/21/2016,9389,81.73,56.67,767362.97,532074.63,235288.34
"Central America and the Caribbean",Cuba,"Office Supplies",Offline,H,5/25/2014,935214030,6/23/2014,9469,651.21,524.96,6166307.49,4970846.24,1195461.25
"North America","United States of America",Snacks,Offline,C,10/8/2010,635528028,10/28/2010,5721,152.58,97.44,872910.18,557454.24,315455.94
"Australia and Oceania",Tonga,"Personal Care",Online,M,12/2/2013,856992232,1/5/2014,1901,81.73,56.67,155368.73,107729.67,47639.06
Europe,Andorra,"Office Supplies",Offline,L,8/25/2010,457467973,10/1/2010,3794,651.21,524.96,2470690.74,1991698.24,478992.50
"Middle East and North Africa",Iraq,"Baby Food",Offline,C,4/27/2015,165129077,5/28/2015,4218,255.28,159.42,1076771.04,672433.56,404337.48
Europe,Germany,Beverages,Online,C,1/27/2013,328461873,3/3/2013,8022,47.45,31.79,380643.90,255019.38,125624.52
"Sub-Saharan Africa",Rwanda,Snacks,Offline,L,8/13/2016,466265189,8/16/2016,7086,152.58,97.44,1081181.88,690459.84,390722.04
"Central America and the Caribbean",Dominica,Beverages,Online,L,1/3/2017,617650353,1/8/2017,5320,47.45,31.79,252434.00,169122.80,83311.20
"Sub-Saharan Africa",Togo,Household,Online,L,2/24/2010,892041194,4/12/2010,3667,668.27,502.54,2450546.09,1842814.18,607731.91
Asia,Bhutan,Vegetables,Online,C,9/26/2015,119174039,11/12/2015,5101,154.06,90.93,785860.06,463833.93,322026.13
Europe,"United Kingdom",Fruits,Online,C,11/13/2012,799097716,11/28/2012,9627,9.33,6.92,89819.91,66618.84,23201.07
"Australia and Oceania",Fiji,Fruits,Online,M,1/4/2012,552173554,1/28/2012,9280,9.33,6.92,86582.40,64217.60,22364.80
Asia,Uzbekistan,Household,Online,C,4/29/2013,669075381,5/31/2013,3129,668.27,502.54,2091016.83,1572447.66,518569.17
"Sub-Saharan Africa",Uganda,Fruits,Online,C,6/22/2010,260789525,7/4/2010,2271,9.33,6.92,21188.43,15715.32,5473.11
Europe,Macedonia,Cereal,Online,L,2/9/2017,308614814,3/8/2017,4836,205.70,117.11,994765.20,566343.96,428421.24
"Sub-Saharan Africa",Djibouti,Clothes,Offline,M,2/2/2010,514162576,2/2/2010,987,109.28,35.84,107859.36,35374.08,72485.28
Europe,Belgium,Cosmetics,Offline,C,7/23/2016,649356639,9/8/2016,7914,437.20,263.33,3460000.80,2083993.62,1376007.18
Europe,Poland,Beverages,Online,H,9/20/2011,106433331,10/30/2011,4843,47.45,31.79,229800.35,153958.97,75841.38
"Australia and Oceania","Federated States of Micronesia","Personal Care",Online,H,6/25/2013,147941482,8/11/2013,8027,81.73,56.67,656046.71,454890.09,201156.62
Europe,Italy,"Personal Care",Offline,M,7/16/2010,756742417,8/28/2010,5753,81.73,56.67,470192.69,326022.51,144170.18
"Sub-Saharan Africa",Liberia,"Office Supplies",Offline,L,7/29/2011,186009967,9/14/2011,3338,651.21,524.96,2173738.98,1752316.48,421422.50
Asia,Laos,"Office Supplies",Offline,L,3/12/2011,809230458,4/18/2011,8130,651.21,524.96,5294337.30,4267924.80,1026412.50
Europe,Switzerland,Beverages,Online,M,6/4/2016,570202720,7/5/2016,4511,47.45,31.79,214046.95,143404.69,70642.26
Europe,Belgium,Beverages,Online,C,8/24/2012,633038079,9/2/2012,8890,47.45,31.79,421830.50,282613.10,139217.40
Asia,China,Household,Online,M,10/19/2012,432160365,11/30/2012,4710,668.27,502.54,3147551.70,2366963.40,780588.30
Asia,Vietnam,Cereal,Online,H,10/4/2015,822305905,10/15/2015,7446,205.70,117.11,1531642.20,872001.06,659641.14
Europe,Switzerland,Vegetables,Offline,L,1/30/2010,928523528,3/9/2010,9601,154.06,90.93,1479130.06,873018.93,606111.13
"Sub-Saharan Africa",Swaziland,"Baby Food",Offline,C,9/14/2015,396174561,9/20/2015,5711,255.28,159.42,1457904.08,910447.62,547456.46
Europe,Liechtenstein,Cereal,Online,C,12/17/2011,740932834,1/25/2012,7346,205.70,117.11,1511072.20,860290.06,650782.14
Asia,Myanmar,Cosmetics,Online,H,2/15/2017,398784673,3/8/2017,8101,437.20,263.33,3541757.20,2133236.33,1408520.87
Europe,Greece,"Baby Food",Online,L,6/16/2016,576028907,7/13/2016,8609,255.28,159.42,2197705.52,1372446.78,825258.74
"North America",Mexico,"Baby Food",Online,C,6/4/2011,299276864,7/17/2011,1530,255.28,159.42,390578.40,243912.60,146665.80
Europe,Denmark,Snacks,Offline,H,11/30/2015,465452373,1/15/2016,6555,152.58,97.44,1000161.90,638719.20,361442.70
Europe,Bulgaria,Clothes,Offline,H,8/5/2014,691791760,8/29/2014,5410,109.28,35.84,591204.80,193894.40,397310.40
Europe,Russia,Fruits,Online,L,2/17/2012,665843856,2/21/2012,6848,9.33,6.92,63891.84,47388.16,16503.68
"Sub-Saharan Africa",Burundi,Fruits,Online,L,3/31/2014,595469987,4/27/2014,1657,9.33,6.92,15459.81,11466.44,3993.37
"Middle East and North Africa",Morocco,Vegetables,Online,M,5/17/2016,758843982,6/6/2016,7652,154.06,90.93,1178867.12,695796.36,483070.76
"Middle East and North Africa",Oman,Fruits,Online,M,1/8/2015,154452168,2/5/2015,4684,9.33,6.92,43701.72,32413.28,11288.44
"Middle East and North Africa",Somalia,Cosmetics,Online,M,7/12/2011,551093375,8/9/2011,9631,437.20,263.33,4210673.20,2536131.23,1674541.97
