Region,Country,"Item Type","Sales Channel","Order Priority","Order Date","Order ID","Ship Date","Units Sold","Unit Price","Unit Cost","Total Revenue","Total Cost","Total Profit"
Asia,Bhutan,"Personal Care",Online,H,1/9/2015,224981820,1/12/2015,5975,81.73,56.67,488336.75,338603.25,149733.50
"Sub-Saharan Africa","Republic of the Congo",Cosmetics,Online,L,6/5/2016,590669047,6/28/2016,952,437.20,263.33,416214.40,250690.16,165524.24
"Sub-Saharan Africa",Comoros,Cosmetics,Online,H,7/10/2016,313395154,8/15/2016,9445,437.20,263.33,4129354.00,2487151.85,1642202.15
"Australia and Oceania","Solomon Islands",Beverages,Offline,L,5/23/2012,880708968,6/8/2012,210,47.45,31.79,9964.50,6675.90,3288.60
Europe,Latvia,"Personal Care",Offline,H,5/5/2017,700471818,5/12/2017,4032,81.73,56.67,329535.36,228493.44,101041.92
"Middle East and North Africa",Pakistan,Meat,Online,H,8/28/2011,950857532,10/4/2011,8729,421.89,364.69,3682677.81,3183379.01,499298.80
"Central America and the Caribbean",Haiti,"Personal Care",Offline,L,7/22/2014,630352437,9/7/2014,4149,81.73,56.67,339097.77,235123.83,103973.94
Asia,Taiwan,Beverages,Online,L,3/27/2012,607755362,4/13/2012,7172,47.45,31.79,340311.40,227997.88,112313.52
"Middle East and North Africa",Egypt,Meat,Online,L,9/11/2014,472177636,10/22/2014,6710,421.89,364.69,2830881.90,2447069.90,383812.00
"Central America and the Caribbean","Dominican Republic",Cereal,Offline,C,1/17/2014,783043086,1/17/2014,8705,205.70,117.11,1790618.50,1019442.55,771175.95
Asia,Singapore,Meat,Offline,C,1/18/2011,820088040,3/1/2011,1130,421.89,364.69,476735.70,412099.70,64636.00
"Sub-Saharan Africa",Mozambique,Meat,Offline,C,4/25/2011,833361327,6/11/2011,8991,421.89,364.69,3793212.99,3278927.79,514285.20
"Sub-Saharan Africa",Djibouti,Meat,Online,M,12/10/2013,693224275,12/22/2013,9323,421.89,364.69,3933280.47,3400004.87,533275.60
"Middle East and North Africa",Qatar,Vegetables,Online,M,4/24/2015,340350711,5/17/2015,6194,154.06,90.93,954247.64,563220.42,391027.22
"Central America and the Caribbean","El Salvador",Cosmetics,Offline,H,11/14/2012,235726964,12/12/2012,5702,437.20,263.33,2492914.40,1501507.66,991406.74
Europe,Spain,Household,Offline,L,6/26/2016,910651862,7/9/2016,978,668.27,502.54,653568.06,491484.12,162083.94
Europe,Spain,Beverages,Offline,M,5/17/2014,716736733,6/15/2014,7182,47.45,31.79,340785.90,228315.78,112470.12
"North America","United States of America",Fruits,Online,M,9/30/2014,775905406,10/11/2014,6507,9.33,6.92,60710.31,45028.44,15681.87
Europe,Slovakia,Snacks,Online,H,9/26/2011,930394208,10/10/2011,3176,152.58,97.44,484594.08,309469.44,175124.64
"Central America and the Caribbean","Antigua and Barbuda ",Household,Offline,C,11/24/2011,192751967,12/19/2011,8445,668.27,502.54,5643540.15,4243950.30,1399589.85
"Sub-Saharan Africa","Sierra Leone",Snacks,Online,C,4/13/2015,795840013,6/1/2015,5600,152.58,97.44,854448.00,545664.00,308784.00
"Australia and Oceania","Federated States of Micronesia",Fruits,Online,L,8/21/2011,542832171,9/14/2011,4957,9.33,6.92,46248.81,34302.44,11946.37
"Middle East and North Africa",Jordan,"Personal Care",Offline,C,7/4/2014,457214772,7/11/2014,8866,81.73,56.67,724618.18,502436.22,222181.96
Europe,Latvia,Beverages,Online,L,12/26/2011,732786643,2/4/2012,6707,47.45,31.79,318247.15,213215.53,105031.62
"Middle East and North Africa","Tunisia ","Personal Care",Online,L,12/14/2015,283659112,1/12/2016,9890,81.73,56.67,808309.70,560466.30,247843.40
"Sub-Saharan Africa",Niger,"Office Supplies",Online,L,11/6/2012,794256007,11/24/2012,6858,651.21,524.96,4465998.18,3600175.68,865822.50
Asia,Singapore,Snacks,Offline,C,11/25/2012,869313657,12/10/2012,8084,152.58,97.44,1233456.72,787704.96,445751.76
Europe,"Moldova ","Office Supplies",Offline,H,1/15/2016,983880889,1/30/2016,1074,651.21,524.96,699399.54,563807.04,135592.50
Asia,"North Korea",Vegetables,Online,H,9/6/2015,333319032,10/5/2015,5363,154.06,90.93,826223.78,487657.59,338566.19
"Central America and the Caribbean",Haiti,"Baby Food",Online,H,2/6/2010,883301913,2/7/2010,7520,255.28,159.42,1919705.60,1198838.40,720867.20
"Central America and the Caribbean","Saint Lucia",Household,Offline,L,10/14/2013,619815862,11/29/2013,6142,668.27,502.54,4104514.34,3086600.68,1017913.66
Asia,Kyrgyzstan,"Office Supplies",Online,H,10/11/2015,299159705,10/20/2015,6860,651.21,524.96,4467300.60,3601225.60,866075.00
"Sub-Saharan Africa","Burkina Faso",Fruits,Online,C,10/2/2013,297944772,10/7/2013,7334,9.33,6.92,68426.22,50751.28,17674.94
"Sub-Saharan Africa","Central African Republic",Vegetables,Offline,M,4/2/2010,163094890,5/5/2010,2257,154.06,90.93,347713.42,205229.01,142484.41
"Middle East and North Africa",Libya,Vegetables,Offline,M,6/11/2016,861846387,6/18/2016,8353,154.06,90.93,1286863.18,759538.29,527324.89
"Sub-Saharan Africa","Central African Republic",Fruits,Online,L,6/26/2010,731748092,7/26/2010,9376,9.33,6.92,87478.08,64881.92,22596.16
"North America",Greenland,Household,Online,M,1/12/2017,430661332,1/28/2017,1113,668.27,502.54,743784.51,559327.02,184457.49
Europe,Slovakia,"Office Supplies",Offline,H,8/5/2012,686759936,8/24/2012,6381,651.21,524.96,4155371.01,3349769.76,805601.25
"Middle East and North Africa",Libya,"Baby Food",Online,M,8/6/2012,948530232,8/13/2012,29,255.28,159.42,7403.12,4623.18,2779.94
"Sub-Saharan Africa",Eritrea,"Baby Food",Offline,C,8/8/2014,734771049,9/11/2014,3936,255.28,159.42,1004782.08,627477.12,377304.96
Asia,India,Clothes,Online,H,3/29/2017,984593713,4/17/2017,2014,109.28,35.84,220089.92,72181.76,147908.16
Europe,Kosovo,Household,Offline,C,6/1/2016,907422053,6/19/2016,5205,668.27,502.54,3478345.35,2615720.70,862624.65
Asia,Kazakhstan,"Baby Food",Online,M,9/5/2016,232992398,9/7/2016,6483,255.28,159.42,1654980.24,1033519.86,621460.38
"Central America and the Caribbean",Guatemala,"Baby Food",Offline,C,4/10/2012,561353576,5/10/2012,5852,255.28,159.42,1493898.56,932925.84,560972.72
"Central America and the Caribbean",Barbados,Household,Offline,L,8/30/2013,412866914,9/21/2013,5349,668.27,502.54,3574576.23,2688086.46,886489.77
"Sub-Saharan Africa",Mauritania,Fruits,Online,H,6/9/2013,178206241,7/18/2013,4042,9.33,6.92,37711.86,27970.64,9741.22
Asia,Turkmenistan,"Office Supplies",Online,M,11/1/2012,768357884,11/3/2012,3027,651.21,524.96,1971212.67,1589053.92,382158.75
"Sub-Saharan Africa","Cape Verde","Office Supplies",Offline,L,5/12/2010,464620673,6/7/2010,437,651.21,524.96,284578.77,229407.52,55171.25
"Central America and the Caribbean","Antigua and Barbuda ",Clothes,Online,C,2/28/2013,768605935,4/2/2013,6431,109.28,35.84,702779.68,230487.04,472292.64
"Middle East and North Africa",Bahrain,Fruits,Offline,H,7/10/2010,552237498,8/17/2010,8203,9.33,6.92,76533.99,56764.76,19769.23
"Sub-Saharan Africa","South Africa",Household,Offline,L,7/3/2015,107751691,7/17/2015,4975,668.27,502.54,3324643.25,2500136.50,824506.75
Europe,Lithuania,"Office Supplies",Online,H,9/23/2015,697697341,10/23/2015,3002,651.21,524.96,1954932.42,1575929.92,379002.50
Europe,Kosovo,Cereal,Offline,L,1/12/2015,504935777,1/22/2015,572,205.70,117.11,117660.40,66986.92,50673.48
"Sub-Saharan Africa",Rwanda,Cereal,Online,C,7/12/2014,482640826,8/3/2014,3001,205.70,117.11,617305.70,351447.11,265858.59
"Sub-Saharan Africa",Benin,Clothes,Online,C,5/24/2016,304298818,7/9/2016,7637,109.28,35.84,834571.36,273710.08,560861.28
"Middle East and North Africa",Algeria,Vegetables,Offline,M,7/7/2012,613708579,8/25/2012,8861,154.06,90.93,1365125.66,805730.73,559394.93
Europe,Slovenia,"Baby Food",Online,C,12/26/2010,774981439,1/5/2011,3084,255.28,159.42,787283.52,491651.28,295632.24
"Middle East and North Africa",Yemen,Beverages,Online,M,3/5/2017,222541224,3/6/2017,3749,47.45,31.79,177890.05,119180.71,58709.34
"Australia and Oceania",Fiji,"Baby Food",Online,M,10/21/2014,711124265,10/25/2014,6328,255.28,159.42,1615411.84,1008809.76,606602.08
Europe,France,Vegetables,Online,L,3/2/2015,465779387,4/12/2015,3326,154.06,90.93,512403.56,302433.18,209970.38
"Middle East and North Africa",Yemen,"Personal Care",Online,H,6/18/2015,931867921,7/31/2015,9281,81.73,56.67,758536.13,525954.27,232581.86
"Sub-Saharan Africa",Namibia,Snacks,Online,C,3/7/2010,925063693,4/9/2010,5759,152.58,97.44,878708.22,561156.96,317551.26
Asia,Kyrgyzstan,"Personal Care",Offline,H,1/9/2010,681353032,2/27/2010,6358,81.73,56.67,519639.34,360307.86,159331.48
Europe,Italy,"Personal Care",Online,L,5/23/2015,507034766,6/5/2015,1710,81.73,56.67,139758.30,96905.70,42852.60
Asia,Taiwan,Fruits,Online,H,8/8/2012,328720223,8/21/2012,4474,9.33,6.92,41742.42,30960.08,10782.34
"Australia and Oceania","Federated States of Micronesia",Fruits,Online,H,7/22/2015,143333232,8/16/2015,4343,9.33,6.92,40520.19,30053.56,10466.63
Europe,Russia,Clothes,Online,H,6/25/2016,468110120,7/31/2016,3042,109.28,35.84,332429.76,109025.28,223404.48
"Sub-Saharan Africa",Burundi,Vegetables,Online,M,6/24/2012,990599715,7/19/2012,9324,154.06,90.93,1436455.44,847831.32,588624.12
Europe,Montenegro,Cereal,Online,L,11/4/2016,118663346,12/5/2016,3976,205.70,117.11,817863.20,465629.36,352233.84
Asia,Cambodia,Fruits,Online,H,6/9/2017,830474841,7/13/2017,4815,9.33,6.92,44923.95,33319.80,11604.15
"Central America and the Caribbean",Belize,Clothes,Online,L,10/4/2010,324520528,10/28/2010,1691,109.28,35.84,184792.48,60605.44,124187.04
"Central America and the Caribbean",Panama,Snacks,Offline,H,4/19/2013,369599235,5/22/2013,1482,152.58,97.44,226123.56,144406.08,81717.48
"Central America and the Caribbean","Trinidad and Tobago",Fruits,Offline,H,5/1/2012,554822289,5/4/2012,3100,9.33,6.92,28923.00,21452.00,7471.00
Europe,Poland,Cereal,Offline,M,2/14/2015,539613521,3/4/2015,2487,205.70,117.11,511575.90,291252.57,220323.33
"Sub-Saharan Africa",Gabon,Clothes,Offline,H,11/8/2014,503709256,11/29/2014,7617,109.28,35.84,832385.76,272993.28,559392.48
"Central America and the Caribbean","Trinidad and Tobago",Vegetables,Online,C,2/20/2017,697158324,4/7/2017,3495,154.06,90.93,538439.70,317800.35,220639.35
"Middle East and North Africa",Bahrain,Cosmetics,Online,M,7/2/2013,990322053,8/10/2013,7157,437.20,263.33,3129040.40,1884652.81,1244387.59
"Sub-Saharan Africa",Angola,Beverages,Online,M,6/22/2015,423874270,7/28/2015,2671,47.45,31.79,126738.95,84911.09,41827.86
Europe,Monaco,"Baby Food",Online,H,12/2/2012,358801305,1/5/2013,6134,255.28,159.42,1565887.52,977882.28,588005.24
"Middle East and North Africa",Afghanistan,Beverages,Offline,L,9/18/2015,426401984,10/9/2015,678,47.45,31.79,32171.10,21553.62,10617.48
Europe,Hungary,Snacks,Offline,L,1/27/2012,778287637,3/12/2012,1462,152.58,97.44,223071.96,142457.28,80614.68
Asia,Kazakhstan,Cereal,Offline,L,3/15/2010,736382091,4/29/2010,679,205.70,117.11,139670.30,79517.69,60152.61
Asia,Cambodia,Clothes,Online,M,10/25/2011,142921674,11/16/2011,2554,109.28,35.84,279101.12,91535.36,187565.76
Europe,"United Kingdom",Beverages,Online,M,11/21/2015,710455214,12/6/2015,8341,47.45,31.79,395780.45,265160.39,130620.06
"Sub-Saharan Africa",Burundi,"Personal Care",Online,L,11/25/2014,171844041,12/24/2014,1325,81.73,56.67,108292.25,75087.75,33204.50
Asia,Bhutan,Clothes,Offline,L,10/1/2013,830261981,10/3/2013,1825,109.28,35.84,199436.00,65408.00,134028.00
"Sub-Saharan Africa",Zambia,Cosmetics,Online,H,10/30/2010,109195363,12/11/2010,2189,437.20,263.33,957030.80,576429.37,380601.43
"Middle East and North Africa",Iraq,"Personal Care",Online,H,12/14/2016,902443015,1/22/2017,1797,81.73,56.67,146868.81,101835.99,45032.82
Europe,Sweden,Household,Online,L,9/16/2013,324116265,11/4/2013,2060,668.27,502.54,1376636.20,1035232.40,341403.80
"Australia and Oceania",Palau,Cosmetics,Offline,C,4/5/2010,958638942,4/22/2010,1421,437.20,263.33,621261.20,374191.93,247069.27
Europe,"United Kingdom","Office Supplies",Offline,M,10/29/2016,510747373,10/30/2016,352,651.21,524.96,229225.92,184785.92,44440.00
"North America",Canada,"Baby Food",Offline,H,8/16/2010,355490386,10/2/2010,6360,255.28,159.42,1623580.80,1013911.20,609669.60
"Middle East and North Africa","Tunisia ",Fruits,Online,L,5/12/2015,588229310,5/25/2015,8979,9.33,6.92,83774.07,62134.68,21639.39
Europe,Bulgaria,Meat,Online,H,3/2/2014,474637973,4/18/2014,4779,421.89,364.69,2016212.31,1742853.51,273358.80
"Middle East and North Africa",Syria,Snacks,Online,H,12/14/2013,700702702,12/23/2013,2356,152.58,97.44,359478.48,229568.64,129909.84
"Australia and Oceania","Solomon Islands",Meat,Offline,C,5/3/2011,222722327,6/21/2011,7341,421.89,364.69,3097094.49,2677189.29,419905.20
Europe,Croatia,Meat,Online,M,7/27/2011,317308175,8/24/2011,7395,421.89,364.69,3119876.55,2696882.55,422994.00
Europe,Portugal,Beverages,Offline,L,3/9/2017,531384074,4/27/2017,7211,47.45,31.79,342161.95,229237.69,112924.26
Europe,Sweden,Meat,Offline,M,8/22/2016,932186353,9/13/2016,3512,421.89,364.69,1481677.68,1280791.28,200886.40
"Australia and Oceania",Fiji,Fruits,Offline,H,10/22/2010,757263839,10/24/2010,53,9.33,6.92,494.49,366.76,127.73
