Region,Country,"Item Type","Sales Channel","Order Priority","Order Date","Order ID","Ship Date","Units Sold","Unit Price","Unit Cost","Total Revenue","Total Cost","Total Profit"
Europe,Germany,Cosmetics,Online,M,6/18/2014,402505433,7/16/2014,9157,437.20,263.33,4003440.40,2411312.81,1592127.59
Europe,Netherlands,"Office Supplies",Offline,M,4/20/2011,990281283,6/4/2011,5093,651.21,524.96,3316612.53,2673621.28,642991.25
Europe,Finland,Household,Offline,M,3/21/2016,286463201,4/2/2016,9682,668.27,502.54,6470190.14,4865592.28,1604597.86
"Australia and Oceania","Papua New Guinea",Cereal,Offline,H,9/8/2010,847350013,10/7/2010,8554,205.70,117.11,1759557.80,1001758.94,757798.86
Asia,Uzbekistan,"Personal Care",Offline,H,2/9/2015,349553048,2/16/2015,9370,81.73,56.67,765810.10,530997.90,234812.20
Asia,"South Korea",Fruits,Offline,M,11/12/2016,139996135,12/30/2016,6822,9.33,6.92,63649.26,47208.24,16441.02
"Sub-Saharan Africa",Mali,"Baby Food",Offline,C,12/26/2011,285915601,1/9/2012,7635,255.28,159.42,1949062.80,1217171.70,731891.10
"Sub-Saharan Africa",Sudan,Household,Offline,H,6/28/2016,924860274,7/6/2016,5562,668.27,502.54,3716917.74,2795127.48,921790.26
"Central America and the Caribbean","Saint Vincent and the Grenadines",Beverages,Offline,C,3/5/2017,914691483,4/21/2017,6391,47.45,31.79,303252.95,203169.89,100083.06
"Sub-Saharan Africa","South Africa",Meat,Offline,M,4/5/2013,983583056,5/6/2013,2939,421.89,364.69,1239934.71,1071823.91,168110.80
"Middle East and North Africa",Libya,Beverages,Offline,C,8/9/2012,580021321,9/7/2012,53,47.45,31.79,2514.85,1684.87,829.98
"Sub-Saharan Africa",Chad,Snacks,Offline,L,10/8/2012,122805106,11/24/2012,9615,152.58,97.44,1467056.70,936885.60,530171.10
Europe,Belarus,"Office Supplies",Offline,L,5/19/2012,551045739,5/21/2012,5535,651.21,524.96,3604447.35,2905653.60,698793.75
Europe,"Bosnia and Herzegovina",Vegetables,Offline,L,12/4/2014,174167048,12/5/2014,8755,154.06,90.93,1348795.30,796092.15,552703.15
"Australia and Oceania",Nauru,"Personal Care",Offline,M,5/14/2017,521905362,5/29/2017,2249,81.73,56.67,183810.77,127450.83,56359.94
"Sub-Saharan Africa",Rwanda,"Personal Care",Online,H,12/17/2013,494309508,12/19/2013,6023,81.73,56.67,492259.79,341323.41,150936.38
Europe,Serbia,Vegetables,Offline,M,3/2/2015,411740815,4/4/2015,2112,154.06,90.93,325374.72,192044.16,133330.56
"Sub-Saharan Africa",Gabon,Beverages,Online,H,7/28/2013,664873111,8/15/2013,9583,47.45,31.79,454713.35,304643.57,150069.78
Europe,Montenegro,Fruits,Offline,L,6/2/2010,364692723,7/3/2010,9536,9.33,6.92,88970.88,65989.12,22981.76
"Sub-Saharan Africa",Comoros,Vegetables,Online,C,10/13/2011,492498481,11/15/2011,100,154.06,90.93,15406.00,9093.00,6313.00
"Central America and the Caribbean",Honduras,Snacks,Online,M,3/28/2017,749901711,5/15/2017,1436,152.58,97.44,219104.88,139923.84,79181.04
"Central America and the Caribbean",Nicaragua,"Personal Care",Online,C,1/26/2016,908826243,3/5/2016,736,81.73,56.67,60153.28,41709.12,18444.16
Asia,Maldives,Cosmetics,Online,M,10/6/2013,361508405,11/8/2013,7225,437.20,263.33,3158770.00,1902559.25,1256210.75
"Sub-Saharan Africa","Central African Republic",Fruits,Online,C,2/4/2013,370497024,3/21/2013,7157,9.33,6.92,66774.81,49526.44,17248.37
Asia,Taiwan,Cosmetics,Offline,L,4/28/2010,918653428,4/30/2010,8819,437.20,263.33,3855666.80,2322307.27,1533359.53
Europe,Estonia,Meat,Online,C,2/17/2014,259151446,3/10/2014,7527,421.89,364.69,3175566.03,2745021.63,430544.40
Europe,Andorra,Meat,Online,C,7/21/2011,765477406,8/20/2011,630,421.89,364.69,265790.70,229754.70,36036.00
"Middle East and North Africa",Qatar,"Office Supplies",Online,H,3/11/2017,381430137,4/28/2017,2509,651.21,524.96,1633885.89,1317124.64,316761.25
Europe,Hungary,Meat,Offline,C,6/3/2016,271120965,6/8/2016,9573,421.89,364.69,4038752.97,3491177.37,547575.60
Europe,Austria,Snacks,Offline,M,8/14/2014,768973720,9/5/2014,5267,152.58,97.44,803638.86,513216.48,290422.38
Europe,Netherlands,"Office Supplies",Online,H,8/23/2010,929724729,9/21/2010,5063,651.21,524.96,3297076.23,2657872.48,639203.75
"Sub-Saharan Africa","Cape Verde",Fruits,Offline,L,10/15/2015,778422820,12/4/2015,1466,9.33,6.92,13677.78,10144.72,3533.06
"Sub-Saharan Africa",Madagascar,Cereal,Online,M,2/10/2012,860429322,2/25/2012,9012,205.70,117.11,1853768.40,1055395.32,798373.08
"Sub-Saharan Africa","South Sudan",Beverages,Offline,C,10/27/2016,891418063,12/16/2016,9269,47.45,31.79,439814.05,294661.51,145152.54
"Australia and Oceania","Solomon Islands",Fruits,Online,H,4/30/2010,207375371,6/8/2010,5835,9.33,6.92,54440.55,40378.20,14062.35
Europe,Ukraine,Snacks,Offline,L,9/29/2015,914600074,10/5/2015,9341,152.58,97.44,1425249.78,910187.04,515062.74
"Sub-Saharan Africa",Liberia,Cosmetics,Offline,H,10/29/2011,239703500,12/7/2011,2447,437.20,263.33,1069828.40,644368.51,425459.89
Europe,"United Kingdom",Snacks,Offline,H,6/18/2012,879609477,7/1/2012,4846,152.58,97.44,739402.68,472194.24,267208.44
Europe,Belarus,Cosmetics,Online,L,6/20/2017,651554334,7/6/2017,8261,437.20,263.33,3611709.20,2175369.13,1436340.07
Asia,Mongolia,Meat,Online,H,5/10/2016,143086898,6/6/2016,1448,421.89,364.69,610896.72,528071.12,82825.60
"Sub-Saharan Africa",Guinea-Bissau,"Baby Food",Offline,H,11/9/2014,462068498,12/14/2014,5191,255.28,159.42,1325158.48,827549.22,497609.26
"Central America and the Caribbean",Jamaica,Beverages,Online,M,12/22/2015,986672961,1/9/2016,7310,47.45,31.79,346859.50,232384.90,114474.60
"Sub-Saharan Africa",Liberia,Vegetables,Offline,H,3/17/2016,715386617,4/6/2016,7652,154.06,90.93,1178867.12,695796.36,483070.76
"Sub-Saharan Africa","Mauritius ",Vegetables,Offline,C,11/28/2016,517008292,12/17/2016,3098,154.06,90.93,477277.88,281701.14,195576.74
Asia,Uzbekistan,Household,Online,L,12/1/2012,880649316,12/11/2012,2557,668.27,502.54,1708766.39,1284994.78,423771.61
"Central America and the Caribbean",Dominica,Vegetables,Online,M,7/2/2011,565733516,7/27/2011,1974,154.06,90.93,304114.44,179495.82,124618.62
"Sub-Saharan Africa","South Sudan",Cereal,Online,M,5/31/2013,651997220,6/7/2013,9321,205.70,117.11,1917329.70,1091582.31,825747.39
Asia,Taiwan,"Personal Care",Offline,H,9/11/2016,489489257,10/23/2016,9603,81.73,56.67,784853.19,544202.01,240651.18
Europe,Belgium,"Office Supplies",Offline,M,11/15/2012,848570954,12/9/2012,9857,651.21,524.96,6418976.97,5174530.72,1244446.25
"Sub-Saharan Africa",Mozambique,Vegetables,Offline,L,6/23/2013,769916141,8/1/2013,4150,154.06,90.93,639349.00,377359.50,261989.50
"Australia and Oceania","New Zealand",Meat,Online,M,12/12/2015,714511144,1/17/2016,8580,421.89,364.69,3619816.20,3129040.20,490776.00
Europe,Italy,"Personal Care",Online,C,1/2/2015,313654792,1/2/2015,6278,81.73,56.67,513100.94,355774.26,157326.68
"Central America and the Caribbean","Trinidad and Tobago","Personal Care",Offline,M,1/6/2014,618958413,2/8/2014,2404,81.73,56.67,196478.92,136234.68,60244.24
"Sub-Saharan Africa",Djibouti,Cereal,Online,L,8/14/2013,952345836,9/3/2013,9151,205.70,117.11,1882360.70,1071673.61,810687.09
Europe,Netherlands,Beverages,Online,M,7/9/2015,256053388,7/23/2015,742,47.45,31.79,35207.90,23588.18,11619.72
Asia,Indonesia,"Office Supplies",Online,H,2/16/2011,242629897,2/20/2011,8433,651.21,524.96,5491653.93,4426987.68,1064666.25
"Central America and the Caribbean",Jamaica,Vegetables,Online,L,8/20/2015,444936692,10/4/2015,5510,154.06,90.93,848870.60,501024.30,347846.30
"Sub-Saharan Africa","Democratic Republic of the Congo",Snacks,Offline,C,3/22/2011,466147601,4/15/2011,2289,152.58,97.44,349255.62,223040.16,126215.46
"Sub-Saharan Africa",Eritrea,Meat,Online,M,6/6/2011,429748952,7/26/2011,1120,421.89,364.69,472516.80,408452.80,64064.00
Europe,Russia,Vegetables,Online,C,12/4/2011,529539573,12/15/2011,1382,154.06,90.93,212910.92,125665.26,87245.66
"Central America and the Caribbean",Grenada,Snacks,Offline,L,1/6/2017,579630792,1/23/2017,4487,152.58,97.44,684626.46,437213.28,247413.18
"Middle East and North Africa",Lebanon,Clothes,Online,C,2/22/2013,464446437,3/4/2013,8877,109.28,35.84,970078.56,318151.68,651926.88
"Middle East and North Africa","Tunisia ",Meat,Offline,H,7/14/2010,588722836,9/2/2010,5025,421.89,364.69,2119997.25,1832567.25,287430.00
Asia,Philippines,Household,Online,H,9/8/2016,527508819,10/7/2016,437,668.27,502.54,292033.99,219609.98,72424.01
"Australia and Oceania",Vanuatu,"Office Supplies",Online,C,6/15/2017,376165711,6/24/2017,4648,651.21,524.96,3026824.08,2440014.08,586810.00
"Central America and the Caribbean",Cuba,Cosmetics,Online,M,2/8/2011,300367343,3/17/2011,4226,437.20,263.33,1847607.20,1112832.58,734774.62
Europe,Ireland,Cereal,Online,C,2/16/2012,986100041,3/9/2012,7770,205.70,117.11,1598289.00,909944.70,688344.30
Europe,Cyprus,"Office Supplies",Online,H,2/18/2017,489662635,3/5/2017,910,651.21,524.96,592601.10,477713.60,114887.50
"Middle East and North Africa",Morocco,Cereal,Offline,L,3/27/2016,987666451,4/24/2016,1306,205.70,117.11,268644.20,152945.66,115698.54
"Middle East and North Africa",Turkey,Fruits,Online,L,12/19/2011,227035319,12/29/2011,3651,9.33,6.92,34063.83,25264.92,8798.91
"North America",Mexico,"Personal Care",Online,C,6/30/2015,975005567,7/26/2015,4669,81.73,56.67,381597.37,264592.23,117005.14
"Central America and the Caribbean","Antigua and Barbuda ","Baby Food",Offline,C,7/21/2012,669126021,8/18/2012,8114,255.28,159.42,2071341.92,1293533.88,777808.04
"Sub-Saharan Africa",Angola,Vegetables,Offline,H,8/27/2012,867258012,9/27/2012,9773,154.06,90.93,1505628.38,888658.89,616969.49
"Central America and the Caribbean","Saint Kitts and Nevis ",Cosmetics,Offline,M,1/7/2015,497575366,2/15/2015,2463,437.20,263.33,1076823.60,648581.79,428241.81
Asia,Turkmenistan,"Baby Food",Offline,L,5/10/2012,808564412,5/28/2012,1032,255.28,159.42,263448.96,164521.44,98927.52
"Middle East and North Africa",Jordan,"Personal Care",Online,H,5/19/2017,419023978,6/12/2017,7362,81.73,56.67,601696.26,417204.54,184491.72
"Sub-Saharan Africa",Gabon,Cosmetics,Online,C,7/27/2013,268065392,8/22/2013,5361,437.20,263.33,2343829.20,1411712.13,932117.07
Asia,Uzbekistan,Cosmetics,Online,C,12/24/2011,465112483,1/23/2012,5974,437.20,263.33,2611832.80,1573133.42,1038699.38
"Central America and the Caribbean",Barbados,Snacks,Offline,L,2/24/2017,739901578,3/1/2017,2174,152.58,97.44,331708.92,211834.56,119874.36
"Central America and the Caribbean","Saint Vincent and the Grenadines",Vegetables,Offline,H,10/6/2015,892481505,10/18/2015,3965,154.06,90.93,610847.90,360537.45,250310.45
"Sub-Saharan Africa",Sudan,Beverages,Online,M,9/14/2010,343213593,10/5/2010,3384,47.45,31.79,160570.80,107577.36,52993.44
"Middle East and North Africa",Algeria,Meat,Offline,H,4/13/2017,382771670,5/25/2017,9498,421.89,364.69,4007111.22,3463825.62,543285.60
"Middle East and North Africa",Syria,Cereal,Offline,L,1/6/2014,122142064,2/23/2014,3406,205.70,117.11,700614.20,398876.66,301737.54
Europe,"Czech Republic","Personal Care",Offline,C,7/24/2014,542623603,7/24/2014,3237,81.73,56.67,264560.01,183440.79,81119.22
Europe,Portugal,Household,Offline,M,11/30/2010,445827615,12/25/2010,9153,668.27,502.54,6116675.31,4599748.62,1516926.69
Asia,Philippines,Vegetables,Offline,H,1/28/2015,503677928,3/2/2015,8347,154.06,90.93,1285938.82,758992.71,526946.11
"Central America and the Caribbean","Costa Rica","Baby Food",Offline,L,5/24/2017,108410871,5/25/2017,41,255.28,159.42,10466.48,6536.22,3930.26
"Central America and the Caribbean",Panama,Vegetables,Offline,H,1/23/2013,522575271,3/11/2013,490,154.06,90.93,75489.40,44555.70,30933.70
"Sub-Saharan Africa",Tanzania,Snacks,Offline,H,6/28/2013,829032456,8/11/2013,7982,152.58,97.44,1217893.56,777766.08,440127.48
Europe,Hungary,Beverages,Offline,C,3/21/2012,180956256,3/31/2012,7832,47.45,31.79,371628.40,248979.28,122649.12
"Australia and Oceania","Papua New Guinea",Beverages,Online,H,6/4/2011,951832997,6/30/2011,7391,47.45,31.79,350702.95,234959.89,115743.06
"Australia and Oceania","Solomon Islands",Cereal,Offline,M,7/25/2010,185461509,8/1/2010,1037,205.70,117.11,213310.90,121443.07,91867.83
"Central America and the Caribbean","Dominican Republic",Meat,Offline,L,2/26/2010,845953118,4/3/2010,5182,421.89,364.69,2186233.98,1889823.58,296410.40
Europe,Italy,Meat,Offline,M,7/30/2015,567731654,8/31/2015,3268,421.89,364.69,1378736.52,1191806.92,186929.60
"Sub-Saharan Africa",Mozambique,Beverages,Offline,L,7/18/2010,205533444,8/14/2010,768,47.45,31.79,36441.60,24414.72,12026.88
"Sub-Saharan Africa",Ghana,Snacks,Online,L,12/2/2013,684407317,1/13/2014,189,152.58,97.44,28837.62,18416.16,10421.46
"Australia and Oceania","New Zealand",Beverages,Offline,L,5/5/2015,749714601,5/15/2015,6065,47.45,31.79,287784.25,192806.35,94977.90
"North America",Mexico,Fruits,Offline,L,11/12/2016,117129123,11/17/2016,9965,9.33,6.92,92973.45,68957.80,24015.65
"Central America and the Caribbean","Antigua and Barbuda ",Vegetables,Offline,M,1/16/2014,822637212,1/29/2014,5487,154.06,90.93,845327.22,498932.91,346394.31
Europe,Latvia,Snacks,Offline,L,11/8/2014,472537696,11/14/2014,3260,152.58,97.44,497410.80,317654.40,179756.40
