Region,Country,"Item Type","Sales Channel","Order Priority","Order Date","Order ID","Ship Date","Units Sold","Unit Price","Unit Cost","Total Revenue","Total Cost","Total Profit"
"North America",Mexico,"Office Supplies",Offline,M,6/7/2015,566191422,6/23/2015,7479,651.21,524.96,4870399.59,3926175.84,944223.75
"Central America and the Caribbean","Trinidad and Tobago",Cosmetics,Offline,M,4/13/2012,812182605,5/29/2012,1736,437.20,263.33,758979.20,457140.88,301838.32
"Middle East and North Africa",Iraq,Household,Online,M,9/29/2012,459157979,10/10/2012,3904,668.27,502.54,2608926.08,1961916.16,647009.92
"Central America and the Caribbean","Trinidad and Tobago","Baby Food",Online,C,8/7/2010,375916373,9/18/2010,863,255.28,159.42,220306.64,137579.46,82727.18
Europe,"Vatican City","Baby Food",Offline,C,10/31/2015,151569116,12/1/2015,1524,255.28,159.42,389046.72,242956.08,146090.64
"Central America and the Caribbean",Honduras,"Personal Care",Online,M,12/25/2012,345540034,1/4/2013,1830,81.73,56.67,149565.90,103706.10,45859.80
"Central America and the Caribbean","Saint Kitts and Nevis ",Meat,Online,L,5/24/2010,237565457,6/18/2010,9753,421.89,364.69,4114693.17,3556821.57,557871.60
"Sub-Saharan Africa",Chad,Meat,Online,H,9/2/2013,977694213,9/10/2013,299,421.89,364.69,126145.11,109042.31,17102.80
"Sub-Saharan Africa",Mali,Cosmetics,Online,M,5/4/2014,636287629,5/11/2014,504,437.20,263.33,220348.80,132718.32,87630.48
Europe,France,Cereal,Offline,M,5/8/2016,954019534,5/15/2016,4435,205.70,117.11,912279.50,519382.85,392896.65
"Central America and the Caribbean","Dominican Republic","Personal Care",Offline,H,2/26/2017,591876256,3/2/2017,8192,81.73,56.67,669532.16,464240.64,205291.52
"Middle East and North Africa",Oman,Fruits,Offline,H,6/23/2011,981156623,7/31/2011,4903,9.33,6.92,45744.99,33928.76,11816.23
"Sub-Saharan Africa",Liberia,Cosmetics,Offline,L,3/30/2010,473471963,4/4/2010,9730,437.20,263.33,4253956.00,2562200.90,1691755.10
"Middle East and North Africa","Tunisia ",Clothes,Offline,M,2/6/2014,190746104,3/24/2014,4866,109.28,35.84,531756.48,174397.44,357359.04
Europe,Norway,Cereal,Online,H,3/5/2017,875215375,3/14/2017,4534,205.70,117.11,932643.80,530976.74,401667.06
"Central America and the Caribbean",Honduras,Vegetables,Offline,H,11/18/2010,639428603,12/25/2010,9988,154.06,90.93,1538751.28,908208.84,630542.44
"Sub-Saharan Africa","South Sudan",Fruits,Offline,L,5/30/2010,816247117,6/30/2010,4516,9.33,6.92,42134.28,31250.72,10883.56
"Sub-Saharan Africa",Eritrea,"Baby Food",Offline,M,2/2/2013,108844745,3/7/2013,8434,255.28,159.42,2153031.52,1344548.28,808483.24
"Central America and the Caribbean",Honduras,Vegetables,Online,M,4/25/2017,440707814,6/10/2017,4091,154.06,90.93,630259.46,371994.63,258264.83
Europe,Belgium,"Baby Food",Offline,M,3/6/2011,205635154,3/20/2011,867,255.28,159.42,221327.76,138217.14,83110.62
Europe,Russia,Household,Online,C,2/17/2014,117738091,4/1/2014,173,668.27,502.54,115610.71,86939.42,28671.29
"Middle East and North Africa",Oman,"Baby Food",Online,M,8/14/2012,961440455,9/9/2012,451,255.28,159.42,115131.28,71898.42,43232.86
Europe,Spain,"Office Supplies",Offline,M,11/11/2016,441478574,12/3/2016,2175,651.21,524.96,1416381.75,1141788.00,274593.75
"Sub-Saharan Africa",Botswana,Meat,Online,L,8/26/2011,832901275,9/22/2011,2851,421.89,364.69,1202808.39,1039731.19,163077.20
"Australia and Oceania",Tuvalu,Meat,Online,C,2/12/2013,431069886,4/2/2013,2014,421.89,364.69,849686.46,734485.66,115200.80
Asia,Myanmar,Snacks,Offline,M,12/20/2011,301658236,1/24/2012,6231,152.58,97.44,950725.98,607148.64,343577.34
Europe,Spain,"Personal Care",Online,L,2/11/2015,230652654,3/30/2015,4101,81.73,56.67,335174.73,232403.67,102771.06
Asia,Vietnam,Cereal,Online,C,8/5/2011,974351966,9/7/2011,1254,205.70,117.11,257947.80,146855.94,111091.86
"Sub-Saharan Africa",Namibia,Cereal,Online,C,3/28/2014,209367501,4/2/2014,5351,205.70,117.11,1100700.70,626655.61,474045.09
"Sub-Saharan Africa","The Gambia",Beverages,Offline,L,6/8/2010,182623088,6/24/2010,1085,47.45,31.79,51483.25,34492.15,16991.10
Asia,India,Cosmetics,Offline,M,5/9/2011,961355054,6/5/2011,5179,437.20,263.33,2264258.80,1363786.07,900472.73
Asia,Taiwan,Beverages,Offline,M,4/18/2010,883112227,5/29/2010,1388,47.45,31.79,65860.60,44124.52,21736.08
Europe,Liechtenstein,Household,Online,C,10/12/2016,605755937,11/4/2016,5498,668.27,502.54,3674148.46,2762964.92,911183.54
"Central America and the Caribbean","Saint Kitts and Nevis ",Vegetables,Online,H,11/17/2014,857460010,12/14/2014,326,154.06,90.93,50223.56,29643.18,20580.38
Europe,Slovenia,Fruits,Online,L,6/11/2012,186710774,7/1/2012,722,9.33,6.92,6736.26,4996.24,1740.02
Asia,Bangladesh,Cosmetics,Online,C,8/15/2014,812307059,8/22/2014,8565,437.20,263.33,3744618.00,2255421.45,1489196.55
Asia,"Sri Lanka","Office Supplies",Online,H,6/17/2012,973360192,6/23/2012,7766,651.21,524.96,5057296.86,4076839.36,980457.50
Asia,Turkmenistan,Vegetables,Online,L,1/5/2017,779294002,1/31/2017,9268,154.06,90.93,1427828.08,842739.24,585088.84
Europe,Belgium,Cosmetics,Online,L,2/9/2010,859844815,3/15/2010,6043,437.20,263.33,2641999.60,1591303.19,1050696.41
"Middle East and North Africa",Libya,Cosmetics,Offline,C,4/14/2016,115061461,5/25/2016,8098,437.20,263.33,3540445.60,2132446.34,1407999.26
Europe,Germany,Meat,Online,M,9/19/2015,665305268,10/5/2015,7468,421.89,364.69,3150674.52,2723504.92,427169.60
"Central America and the Caribbean","Saint Lucia",Cereal,Online,L,2/19/2016,201250064,3/11/2016,3221,205.70,117.11,662559.70,377211.31,285348.39
"Sub-Saharan Africa",Rwanda,"Baby Food",Online,H,3/17/2011,533882176,4/14/2011,6455,255.28,159.42,1647832.40,1029056.10,618776.30
Asia,Turkmenistan,Cereal,Offline,C,7/31/2014,844500434,9/18/2014,5300,205.70,117.11,1090210.00,620683.00,469527.00
"Central America and the Caribbean","The Bahamas",Cosmetics,Offline,L,9/9/2010,834716165,9/17/2010,9917,437.20,263.33,4335712.40,2611443.61,1724268.79
"Central America and the Caribbean",Dominica,"Baby Food",Offline,L,7/14/2011,276453197,8/2/2011,7499,255.28,159.42,1914344.72,1195490.58,718854.14
"North America","United States of America",Cereal,Online,H,1/10/2015,361947858,1/18/2015,7269,205.70,117.11,1495233.30,851272.59,643960.71
"Middle East and North Africa",Israel,Cosmetics,Offline,H,5/14/2016,553748977,6/23/2016,5483,437.20,263.33,2397167.60,1443838.39,953329.21
Asia,Taiwan,Household,Offline,H,10/27/2011,834717881,12/7/2011,425,668.27,502.54,284014.75,213579.50,70435.25
Europe,Germany,Cereal,Online,C,1/24/2010,358028399,2/22/2010,7414,205.70,117.11,1525059.80,868253.54,656806.26
"Sub-Saharan Africa",Mauritania,"Personal Care",Offline,H,4/14/2013,597166860,5/17/2013,3799,81.73,56.67,310492.27,215289.33,95202.94
"Sub-Saharan Africa",Guinea-Bissau,"Personal Care",Offline,C,5/13/2013,395932090,6/2/2013,3959,81.73,56.67,323569.07,224356.53,99212.54
Europe,Monaco,Cosmetics,Online,L,10/27/2010,918435418,11/18/2010,4305,437.20,263.33,1882146.00,1133635.65,748510.35
Europe,Hungary,"Personal Care",Offline,L,1/10/2011,699100673,1/18/2011,8279,81.73,56.67,676642.67,469170.93,207471.74
Asia,Japan,Household,Offline,L,11/6/2012,592664182,11/16/2012,1357,668.27,502.54,906842.39,681946.78,224895.61
Europe,Bulgaria,"Personal Care",Online,L,6/7/2012,624174773,7/27/2012,6041,81.73,56.67,493730.93,342343.47,151387.46
"Australia and Oceania",Australia,"Baby Food",Offline,M,7/22/2014,438993775,8/1/2014,6868,255.28,159.42,1753263.04,1094896.56,658366.48
Asia,China,Snacks,Online,L,9/15/2013,652795016,9/29/2013,5407,152.58,97.44,825000.06,526858.08,298141.98
"Central America and the Caribbean","Saint Kitts and Nevis ",Clothes,Online,L,1/3/2013,601564824,2/21/2013,5254,109.28,35.84,574157.12,188303.36,385853.76
"Middle East and North Africa",Israel,Vegetables,Offline,H,11/11/2012,591602027,12/16/2012,7041,154.06,90.93,1084736.46,640238.13,444498.33
"Australia and Oceania",Tonga,Fruits,Offline,L,9/29/2014,549517953,10/11/2014,3429,9.33,6.92,31992.57,23728.68,8263.89
"Sub-Saharan Africa","Cote d'Ivoire","Baby Food",Offline,C,5/23/2017,472236430,5/28/2017,4109,255.28,159.42,1048945.52,655056.78,393888.74
Asia,Brunei,Snacks,Offline,L,1/18/2013,876993787,1/21/2013,805,152.58,97.44,122826.90,78439.20,44387.70
"Sub-Saharan Africa","Mauritius ",Cosmetics,Online,L,12/12/2013,551338851,1/15/2014,2273,437.20,263.33,993755.60,598549.09,395206.51
Asia,China,Fruits,Offline,C,9/3/2010,603132951,10/10/2010,9298,9.33,6.92,86750.34,64342.16,22408.18
"Sub-Saharan Africa",Tanzania,Fruits,Offline,L,10/20/2013,410549914,11/29/2013,9698,9.33,6.92,90482.34,67110.16,23372.18
"Central America and the Caribbean","Costa Rica",Cosmetics,Offline,M,4/6/2012,772076070,5/12/2012,3321,437.20,263.33,1451941.20,874518.93,577422.27
"Central America and the Caribbean",Haiti,Cosmetics,Online,C,12/22/2014,756510245,12/26/2014,7048,437.20,263.33,3081385.60,1855949.84,1225435.76
Europe,Poland,Cereal,Online,L,10/12/2016,852963769,11/21/2016,9789,205.70,117.11,2013597.30,1146389.79,867207.51
"Sub-Saharan Africa",Zimbabwe,Snacks,Online,C,5/17/2017,720860469,6/10/2017,7487,152.58,97.44,1142366.46,729533.28,412833.18
"Sub-Saharan Africa","Democratic Republic of the Congo",Cereal,Offline,H,7/7/2017,539936673,7/7/2017,8115,205.70,117.11,1669255.50,950347.65,718907.85
"Australia and Oceania","Samoa ",Household,Offline,M,3/27/2015,560241210,3/31/2015,6679,668.27,502.54,4463375.33,3356464.66,1106910.67
"Sub-Saharan Africa","Burkina Faso",Cereal,Online,L,3/18/2017,652135407,4/19/2017,214,205.70,117.11,44019.80,25061.54,18958.26
"Middle East and North Africa",Morocco,"Baby Food",Online,L,4/2/2012,756293094,4/18/2012,2788,255.28,159.42,711720.64,444462.96,267257.68
"Sub-Saharan Africa","Sierra Leone",Clothes,Online,M,12/11/2012,433700597,12/18/2012,499,109.28,35.84,54530.72,17884.16,36646.56
Europe,Bulgaria,Snacks,Offline,M,1/7/2014,215656745,2/18/2014,6478,152.58,97.44,988413.24,631216.32,357196.92
Asia,Philippines,"Office Supplies",Offline,C,4/3/2011,253772866,4/21/2011,5885,651.21,524.96,3832370.85,3089389.60,742981.25
"Middle East and North Africa",Israel,Beverages,Online,C,11/13/2012,769972789,12/8/2012,914,47.45,31.79,43369.30,29056.06,14313.24
Europe,Macedonia,Vegetables,Online,L,12/29/2012,706492841,1/12/2013,5786,154.06,90.93,891391.16,526120.98,365270.18
Asia,China,Snacks,Online,C,8/12/2010,875881850,9/5/2010,1758,152.58,97.44,268235.64,171299.52,96936.12
Asia,Thailand,Vegetables,Offline,L,5/6/2013,811001145,5/14/2013,2116,154.06,90.93,325990.96,192407.88,133583.08
"Middle East and North Africa",Somalia,Snacks,Online,M,12/11/2010,115024554,12/19/2010,7177,152.58,97.44,1095066.66,699326.88,395739.78
"Sub-Saharan Africa",Guinea-Bissau,Cereal,Offline,C,12/12/2016,711438405,1/8/2017,9289,205.70,117.11,1910747.30,1087834.79,822912.51
Europe,"United Kingdom","Baby Food",Offline,H,11/19/2011,994041526,11/28/2011,7832,255.28,159.42,1999352.96,1248577.44,750775.52
"Middle East and North Africa",Bahrain,Cereal,Offline,C,3/15/2015,776945245,3/24/2015,4218,205.70,117.11,867642.60,493969.98,373672.62
"Sub-Saharan Africa",Lesotho,"Baby Food",Online,L,5/4/2013,844573390,5/26/2013,6889,255.28,159.42,1758623.92,1098244.38,660379.54
Europe,France,Vegetables,Offline,H,7/12/2016,701662290,7/17/2016,6319,154.06,90.93,973505.14,574586.67,398918.47
"Middle East and North Africa",Libya,Meat,Online,L,2/13/2017,823260772,2/17/2017,12,421.89,364.69,5062.68,4376.28,686.40
"Central America and the Caribbean",Jamaica,Clothes,Offline,M,2/10/2016,404730165,3/10/2016,7505,109.28,35.84,820146.40,268979.20,551167.20
"Middle East and North Africa",Pakistan,"Personal Care",Online,L,10/10/2011,511744296,11/5/2011,5364,81.73,56.67,438399.72,303977.88,134421.84
"North America",Mexico,Cereal,Offline,H,1/8/2011,930289494,1/14/2011,2189,205.70,117.11,450277.30,256353.79,193923.51
Europe,Spain,Meat,Offline,C,6/20/2010,616664588,7/9/2010,3610,421.89,364.69,1523022.90,1316530.90,206492.00
"Sub-Saharan Africa",Uganda,Household,Offline,L,5/15/2015,847480905,6/10/2015,7287,668.27,502.54,4869683.49,3662008.98,1207674.51
"Australia and Oceania","New Zealand",Snacks,Offline,H,2/9/2013,269662272,3/9/2013,7914,152.58,97.44,1207518.12,771140.16,436377.96
"Sub-Saharan Africa",Ghana,Clothes,Online,M,11/11/2014,750445020,12/20/2014,2213,109.28,35.84,241836.64,79313.92,162522.72
"Sub-Saharan Africa",Liberia,Fruits,Offline,C,12/7/2013,627377974,12/16/2013,3939,9.33,6.92,36750.87,27257.88,9492.99
Europe,Macedonia,Cereal,Offline,H,4/4/2012,558322465,4/11/2012,8879,205.70,117.11,1826410.30,1039819.69,786590.61
Europe,Lithuania,Beverages,Online,H,8/20/2016,371452319,9/24/2016,9851,47.45,31.79,467429.95,313163.29,154266.66
Europe,Macedonia,"Office Supplies",Online,M,3/13/2012,415253865,3/21/2012,1701,651.21,524.96,1107708.21,892956.96,214751.25
Europe,Slovenia,"Baby Food",Offline,L,8/30/2011,208525931,10/3/2011,6312,255.28,159.42,1611327.36,1006259.04,605068.32
