Region,Country,"Item Type","Sales Channel","Order Priority","Order Date","Order ID","Ship Date","Units Sold","Unit Price","Unit Cost","Total Revenue","Total Cost","Total Profit"
"Sub-Saharan Africa",Eritrea,Clothes,Offline,H,7/22/2012,402790391,9/2/2012,3482,109.28,35.84,380512.96,124794.88,255718.08
Europe,Sweden,Household,Offline,C,3/24/2010,131764972,5/8/2010,1038,668.27,502.54,693664.26,521636.52,172027.74
"Sub-Saharan Africa",Lesotho,Household,Offline,L,3/28/2015,632817494,4/2/2015,3614,668.27,502.54,2415127.78,1816179.56,598948.22
"Sub-Saharan Africa",Tanzania,Cosmetics,Online,L,11/24/2011,749746787,1/3/2012,5590,437.20,263.33,2443948.00,1472014.70,971933.30
Asia,Bhutan,Cereal,Online,H,11/17/2015,746664178,12/16/2015,3378,205.70,117.11,694854.60,395597.58,299257.02
"Sub-Saharan Africa",Comoros,Snacks,Offline,M,5/26/2017,957993495,7/9/2017,419,152.58,97.44,63931.02,40827.36,23103.66
Europe,Portugal,Cosmetics,Offline,H,5/2/2015,438471066,5/16/2015,2187,437.20,263.33,956156.40,575902.71,380253.69
Asia,Tajikistan,Fruits,Offline,L,5/23/2013,113145720,6/5/2013,1188,9.33,6.92,11084.04,8220.96,2863.08
Europe,Montenegro,Clothes,Online,M,5/11/2016,527378785,6/4/2016,1957,109.28,35.84,213860.96,70138.88,143722.08
"Central America and the Caribbean","The Bahamas",Household,Online,H,2/23/2011,496844089,3/14/2011,6062,668.27,502.54,4051052.74,3046397.48,1004655.26
Europe,Sweden,Meat,Online,M,1/9/2016,257527959,2/12/2016,7101,421.89,364.69,2995840.89,2589663.69,406177.20
"Sub-Saharan Africa","Cape Verde",Cereal,Offline,H,4/1/2016,115729224,5/14/2016,5704,205.70,117.11,1173312.80,667995.44,505317.36
Europe,Netherlands,Snacks,Offline,C,4/17/2013,898059213,5/20/2013,4533,152.58,97.44,691645.14,441695.52,249949.62
Europe,Portugal,Vegetables,Online,H,6/21/2013,801441752,7/20/2013,3279,154.06,90.93,505162.74,298159.47,207003.27
Europe,"Czech Republic",Beverages,Online,H,8/6/2016,343113172,8/27/2016,3667,47.45,31.79,173999.15,116573.93,57425.22
Asia,China,"Baby Food",Offline,H,3/9/2012,110622298,4/14/2012,4451,255.28,159.42,1136251.28,709578.42,426672.86
Europe,Monaco,Household,Offline,C,7/17/2013,311830461,7/30/2013,6418,668.27,502.54,4288956.86,3225301.72,1063655.14
"Sub-Saharan Africa","Mauritius ",Cosmetics,Online,L,2/4/2016,324911487,3/7/2016,7384,437.20,263.33,3228284.80,1944428.72,1283856.08
Europe,Denmark,Household,Offline,C,5/5/2016,948351705,6/8/2016,7199,668.27,502.54,4810875.73,3617785.46,1193090.27
Europe,Ukraine,Cereal,Online,M,8/22/2015,350949943,8/22/2015,2742,205.70,117.11,564029.40,321115.62,242913.78
"Sub-Saharan Africa",Mali,Vegetables,Offline,C,5/24/2016,821817529,6/16/2016,2924,154.06,90.93,450471.44,265879.32,184592.12
Asia,Japan,"Office Supplies",Online,L,9/25/2010,220378291,10/31/2010,3688,651.21,524.96,2401662.48,1936052.48,465610.00
"Australia and Oceania","East Timor",Beverages,Offline,M,7/22/2014,526368558,8/22/2014,3008,47.45,31.79,142729.60,95624.32,47105.28
"Central America and the Caribbean",Belize,Household,Online,H,10/2/2010,189837157,11/16/2010,5888,668.27,502.54,3934773.76,2958955.52,975818.24
"Australia and Oceania","Samoa ",Cosmetics,Online,M,7/28/2013,881145417,8/18/2013,9365,437.20,263.33,4094378.00,2466085.45,1628292.55
"North America",Canada,Cosmetics,Online,C,10/28/2011,740967166,12/15/2011,7505,437.20,263.33,3281186.00,1976291.65,1304894.35
Europe,Ukraine,Snacks,Online,C,7/9/2010,230288732,7/29/2010,6408,152.58,97.44,977732.64,624395.52,353337.12
"Central America and the Caribbean","El Salvador",Beverages,Online,L,12/17/2011,780408942,1/12/2012,9203,47.45,31.79,436682.35,292563.37,144118.98
Europe,Finland,Vegetables,Offline,H,12/7/2011,742939126,12/22/2011,1052,154.06,90.93,162071.12,95658.36,66412.76
"Sub-Saharan Africa","Central African Republic",Household,Online,C,1/29/2011,339803111,2/23/2011,4147,668.27,502.54,2771315.69,2084033.38,687282.31
Europe,Switzerland,Snacks,Online,H,2/6/2011,313237226,2/13/2011,2711,152.58,97.44,413644.38,264159.84,149484.54
Asia,Bhutan,"Baby Food",Online,M,12/24/2010,575790297,12/26/2010,7999,255.28,159.42,2041984.72,1275200.58,766784.14
Europe,Croatia,Cereal,Offline,M,10/8/2010,660323655,10/19/2010,3298,205.70,117.11,678398.60,386228.78,292169.82
"Australia and Oceania","Federated States of Micronesia",Cosmetics,Offline,M,5/14/2015,170011126,6/10/2015,8925,437.20,263.33,3902010.00,2350220.25,1551789.75
Europe,Bulgaria,Beverages,Offline,M,8/3/2015,128339040,8/5/2015,7229,47.45,31.79,343016.05,229809.91,113206.14
"Middle East and North Africa",Lebanon,Fruits,Offline,L,9/5/2014,729106223,10/7/2014,7589,9.33,6.92,70805.37,52515.88,18289.49
Europe,Belgium,Household,Online,H,12/11/2016,886424005,12/30/2016,1416,668.27,502.54,946270.32,711596.64,234673.68
"Sub-Saharan Africa",Cameroon,Beverages,Offline,M,5/26/2016,484716212,6/5/2016,7154,47.45,31.79,339457.30,227425.66,112031.64
Europe,Denmark,"Office Supplies",Offline,M,9/13/2015,828719174,9/25/2015,5275,651.21,524.96,3435132.75,2769164.00,665968.75
"Central America and the Caribbean",Dominica,Clothes,Offline,L,10/7/2014,593481719,10/28/2014,3284,109.28,35.84,358875.52,117698.56,241176.96
"Sub-Saharan Africa",Chad,Cosmetics,Offline,H,8/8/2014,774365174,9/23/2014,718,437.20,263.33,313909.60,189070.94,124838.66
Europe,Cyprus,Cereal,Online,C,6/22/2013,637043368,7/26/2013,4144,205.70,117.11,852420.80,485303.84,367116.96
"Australia and Oceania","Papua New Guinea","Personal Care",Offline,L,9/21/2010,867502629,11/6/2010,2161,81.73,56.67,176618.53,122463.87,54154.66
"Central America and the Caribbean",Belize,Beverages,Offline,H,7/16/2010,422041785,8/15/2010,398,47.45,31.79,18885.10,12652.42,6232.68
"Australia and Oceania",Fiji,Beverages,Online,C,8/9/2010,577272164,9/28/2010,6517,47.45,31.79,309231.65,207175.43,102056.22
"Middle East and North Africa",Turkey,Beverages,Offline,H,6/13/2013,880117595,6/17/2013,5209,47.45,31.79,247167.05,165594.11,81572.94
"Central America and the Caribbean",Panama,Meat,Online,L,2/5/2015,497814404,2/13/2015,3200,421.89,364.69,1350048.00,1167008.00,183040.00
"Central America and the Caribbean","Antigua and Barbuda ",Clothes,Offline,H,6/6/2016,467911422,6/20/2016,4243,109.28,35.84,463675.04,152069.12,311605.92
Europe,Italy,Cosmetics,Online,C,10/25/2011,548269975,12/1/2011,4124,437.20,263.33,1803012.80,1085972.92,717039.88
"Sub-Saharan Africa",Tanzania,"Personal Care",Offline,C,8/12/2015,567063891,9/11/2015,5662,81.73,56.67,462755.26,320865.54,141889.72
"Sub-Saharan Africa","Equatorial Guinea",Meat,Online,C,12/19/2012,872779500,12/29/2012,3704,421.89,364.69,1562680.56,1350811.76,211868.80
"Australia and Oceania",Nauru,"Personal Care",Online,C,8/1/2016,984215629,9/3/2016,131,81.73,56.67,10706.63,7423.77,3282.86
Europe,Serbia,"Baby Food",Offline,L,7/10/2017,940483605,7/27/2017,8853,255.28,159.42,2259993.84,1411345.26,848648.58
"Central America and the Caribbean","Saint Vincent and the Grenadines","Office Supplies",Offline,M,9/8/2011,851007258,9/26/2011,814,651.21,524.96,530084.94,427317.44,102767.50
"Sub-Saharan Africa","Burkina Faso",Snacks,Offline,H,3/12/2011,445522916,3/20/2011,8986,152.58,97.44,1371083.88,875595.84,495488.04
"Middle East and North Africa",Egypt,"Personal Care",Offline,M,4/17/2010,424079406,5/31/2010,3375,81.73,56.67,275838.75,191261.25,84577.50
"Central America and the Caribbean",Honduras,Clothes,Offline,C,11/15/2011,207038056,1/1/2012,6017,109.28,35.84,657537.76,215649.28,441888.48
"Australia and Oceania","East Timor",Meat,Offline,L,2/7/2016,185072696,3/6/2016,5978,421.89,364.69,2522058.42,2180116.82,341941.60
"Sub-Saharan Africa","Seychelles ","Personal Care",Offline,M,8/20/2016,369169652,8/30/2016,4359,81.73,56.67,356261.07,247024.53,109236.54
"Central America and the Caribbean",Grenada,Cereal,Online,L,12/27/2011,840627753,12/31/2011,9288,205.70,117.11,1910541.60,1087717.68,822823.92
"Middle East and North Africa",Libya,Household,Offline,L,11/16/2016,401058328,12/21/2016,926,668.27,502.54,618818.02,465352.04,153465.98
Asia,Thailand,Cereal,Offline,L,1/3/2013,622385203,1/19/2013,6467,205.70,117.11,1330261.90,757350.37,572911.53
"Sub-Saharan Africa",Chad,Cereal,Offline,C,6/12/2013,896844708,7/6/2013,5134,205.70,117.11,1056063.80,601242.74,454821.06
"Sub-Saharan Africa",Botswana,Cosmetics,Online,L,5/23/2013,686985671,6/14/2013,3181,437.20,263.33,1390733.20,837652.73,553080.47
"Central America and the Caribbean","Saint Vincent and the Grenadines",Snacks,Offline,M,9/3/2016,875669419,10/12/2016,8895,152.58,97.44,1357199.10,866728.80,490470.30
"Sub-Saharan Africa",Angola,Meat,Online,M,11/1/2016,616069781,12/12/2016,7594,421.89,364.69,3203832.66,2769455.86,434376.80
"Central America and the Caribbean",Grenada,Meat,Online,M,1/21/2016,481673085,1/28/2016,6625,421.89,364.69,2795021.25,2416071.25,378950.00
"Sub-Saharan Africa",Guinea-Bissau,Cereal,Online,L,10/15/2013,216278159,10/20/2013,368,205.70,117.11,75697.60,43096.48,32601.12
Europe,Germany,Meat,Offline,M,7/23/2010,983996331,8/8/2010,5236,421.89,364.69,2209016.04,1909516.84,299499.20
"Australia and Oceania",Fiji,Snacks,Offline,H,9/25/2011,419251430,10/4/2011,4670,152.58,97.44,712548.60,455044.80,257503.80
"Australia and Oceania",Palau,"Baby Food",Online,H,3/7/2016,276779782,3/25/2016,4143,255.28,159.42,1057625.04,660477.06,397147.98
Europe,Croatia,Cosmetics,Online,H,6/22/2012,581630218,7/3/2012,6161,437.20,263.33,2693589.20,1622376.13,1071213.07
"Sub-Saharan Africa",Djibouti,Beverages,Offline,M,12/17/2012,979164063,1/11/2013,5260,47.45,31.79,249587.00,167215.40,82371.60
Europe,France,Vegetables,Online,M,2/19/2012,285055148,3/21/2012,3008,154.06,90.93,463412.48,273517.44,189895.04
"Middle East and North Africa",Lebanon,Beverages,Offline,H,2/11/2013,535289800,2/25/2013,3002,47.45,31.79,142444.90,95433.58,47011.32
"Sub-Saharan Africa",Chad,Meat,Offline,L,4/22/2016,236166846,6/10/2016,5873,421.89,364.69,2477759.97,2141824.37,335935.60
"Middle East and North Africa",Iraq,Vegetables,Offline,C,8/9/2015,214297616,9/1/2015,4282,154.06,90.93,659684.92,389362.26,270322.66
Europe,Croatia,Fruits,Online,L,4/30/2017,466605937,5/11/2017,7921,9.33,6.92,73902.93,54813.32,19089.61
"Sub-Saharan Africa","Republic of the Congo","Office Supplies",Online,M,9/19/2013,610328137,9/22/2013,8514,651.21,524.96,5544401.94,4469509.44,1074892.50
Europe,Georgia,Vegetables,Offline,H,1/2/2017,333013045,1/27/2017,4815,154.06,90.93,741798.90,437827.95,303970.95
Asia,Singapore,"Baby Food",Offline,M,3/16/2010,742521989,4/3/2010,7612,255.28,159.42,1943191.36,1213505.04,729686.32
"Middle East and North Africa",Somalia,Snacks,Online,C,6/18/2011,317028796,6/27/2011,4721,152.58,97.44,720330.18,460014.24,260315.94
"Sub-Saharan Africa",Zambia,Clothes,Online,C,4/12/2017,755019795,5/25/2017,5991,109.28,35.84,654696.48,214717.44,439979.04
"Central America and the Caribbean","Trinidad and Tobago",Snacks,Offline,M,11/11/2013,225293815,12/29/2013,8301,152.58,97.44,1266566.58,808849.44,457717.14
"Australia and Oceania",Australia,"Baby Food",Offline,L,3/12/2011,116962182,3/29/2011,564,255.28,159.42,143977.92,89912.88,54065.04
"North America",Canada,Cosmetics,Offline,H,7/17/2016,989448726,8/20/2016,8721,437.20,263.33,3812821.20,2296500.93,1516320.27
"Middle East and North Africa",Kuwait,Cereal,Online,C,7/10/2015,322489774,8/21/2015,745,205.70,117.11,153246.50,87246.95,65999.55
Asia,India,Vegetables,Online,L,9/26/2013,166134154,10/21/2013,1643,154.06,90.93,253120.58,149397.99,103722.59
Asia,India,Household,Offline,L,4/17/2010,390743196,5/17/2010,8450,668.27,502.54,5646881.50,4246463.00,1400418.50
"Central America and the Caribbean",Dominica,Household,Offline,H,9/18/2016,936990725,10/29/2016,5233,668.27,502.54,3497056.91,2629791.82,867265.09
"Australia and Oceania","Solomon Islands","Personal Care",Offline,H,4/20/2015,465863072,4/27/2015,8090,81.73,56.67,661195.70,458460.30,202735.40
"Sub-Saharan Africa","South Sudan",Cereal,Offline,C,12/3/2015,408659064,12/17/2015,153,205.70,117.11,31472.10,17917.83,13554.27
"Sub-Saharan Africa",Nigeria,Cosmetics,Online,L,5/13/2014,916990029,5/25/2014,6582,437.20,263.33,2877650.40,1733238.06,1144412.34
"Sub-Saharan Africa",Mozambique,Vegetables,Online,M,4/8/2011,412779796,5/18/2011,9569,154.06,90.93,1474200.14,870109.17,604090.97
"Sub-Saharan Africa",Angola,"Personal Care",Offline,L,11/29/2015,538264691,1/15/2016,3338,81.73,56.67,272814.74,189164.46,83650.28
"Central America and the Caribbean",Grenada,Cereal,Offline,H,2/18/2012,305993545,3/13/2012,9145,205.70,117.11,1881126.50,1070970.95,810155.55
"Sub-Saharan Africa",Gabon,Clothes,Offline,M,2/14/2015,148827683,3/9/2015,274,109.28,35.84,29942.72,9820.16,20122.56
"Central America and the Caribbean","Saint Kitts and Nevis ","Personal Care",Online,M,8/21/2014,569940936,9/27/2014,7043,81.73,56.67,575624.39,399126.81,176497.58
"Central America and the Caribbean","Trinidad and Tobago",Vegetables,Offline,L,8/22/2016,792819631,9/9/2016,1802,154.06,90.93,277616.12,163855.86,113760.26
"Central America and the Caribbean",Guatemala,Snacks,Offline,M,10/21/2016,111262595,11/1/2016,3929,152.58,97.44,599486.82,382841.76,216645.06
