Region,Country,"Item Type","Sales Channel","Order Priority","Order Date","Order ID","Ship Date","Units Sold","Unit Price","Unit Cost","Total Revenue","Total Cost","Total Profit"
Europe,Liechtenstein,"Personal Care",Offline,C,10/5/2015,364729630,10/18/2015,458,81.73,56.67,37432.34,25954.86,11477.48
Europe,Belarus,Household,Offline,H,7/19/2010,446365344,8/9/2010,8279,668.27,502.54,5532607.33,4160528.66,1372078.67
"Sub-Saharan Africa",Ethiopia,"Baby Food",Offline,C,12/1/2013,857110249,12/10/2013,6825,255.28,159.42,1742286.00,1088041.50,654244.50
Europe,Croatia,"Personal Care",Offline,H,1/28/2012,665763175,2/4/2012,2973,81.73,56.67,242983.29,168479.91,74503.38
Europe,"Moldova ",Fruits,Offline,L,1/2/2015,361435449,1/11/2015,5636,9.33,6.92,52583.88,39001.12,13582.76
"Sub-Saharan Africa",Zimbabwe,Cereal,Offline,M,10/30/2014,503550899,12/17/2014,756,205.70,117.11,155509.20,88535.16,66974.04
Europe,Slovenia,Household,Online,M,4/21/2012,371845853,5/7/2012,6306,668.27,502.54,4214110.62,3169017.24,1045093.38
"Middle East and North Africa",Yemen,Snacks,Offline,L,1/16/2013,216369140,3/7/2013,7291,152.58,97.44,1112460.78,710435.04,402025.74
"Middle East and North Africa",Syria,"Baby Food",Offline,L,2/23/2016,807482087,4/6/2016,748,255.28,159.42,190949.44,119246.16,71703.28
"Sub-Saharan Africa",Malawi,"Baby Food",Online,C,6/1/2010,285858523,7/4/2010,744,255.28,159.42,189928.32,118608.48,71319.84
"Middle East and North Africa",Qatar,Cereal,Online,C,1/8/2016,912484776,1/23/2016,3378,205.70,117.11,694854.60,395597.58,299257.02
"Middle East and North Africa",Kuwait,Clothes,Online,L,7/15/2012,518659675,8/13/2012,1778,109.28,35.84,194299.84,63723.52,130576.32
"Middle East and North Africa",Turkey,Cosmetics,Offline,C,11/24/2010,155994546,12/16/2010,1108,437.20,263.33,484417.60,291769.64,192647.96
Europe,Hungary,Clothes,Online,H,9/29/2011,946413218,11/1/2011,3558,109.28,35.84,388818.24,127518.72,261299.52
Europe,Iceland,Meat,Online,H,10/11/2016,932152020,10/25/2016,3352,421.89,364.69,1414175.28,1222440.88,191734.40
Europe,Sweden,"Personal Care",Online,H,5/31/2017,925759780,6/3/2017,1746,81.73,56.67,142700.58,98945.82,43754.76
"Sub-Saharan Africa","South Sudan",Snacks,Online,L,9/12/2013,460097825,9/16/2013,2026,152.58,97.44,309127.08,197413.44,111713.64
Asia,Cambodia,"Office Supplies",Offline,L,7/12/2010,938339984,7/20/2010,4508,651.21,524.96,2935654.68,2366519.68,569135.00
Europe,"Czech Republic","Baby Food",Online,M,11/14/2013,683972585,12/3/2013,1542,255.28,159.42,393641.76,245825.64,147816.12
"Central America and the Caribbean","El Salvador",Meat,Offline,M,10/28/2011,790794456,11/28/2011,2507,421.89,364.69,1057678.23,914277.83,143400.40
Europe,Switzerland,Vegetables,Online,L,4/6/2016,172916924,5/24/2016,8815,154.06,90.93,1358038.90,801547.95,556490.95
"Middle East and North Africa",Algeria,"Office Supplies",Online,C,8/20/2013,514763820,9/4/2013,8908,651.21,524.96,5800978.68,4676343.68,1124635.00
Europe,Slovakia,"Baby Food",Online,M,2/28/2014,421071469,4/9/2014,3260,255.28,159.42,832212.80,519709.20,312503.60
"Sub-Saharan Africa","South Sudan",Clothes,Offline,C,3/13/2010,366888701,3/31/2010,9375,109.28,35.84,1024500.00,336000.00,688500.00
"Central America and the Caribbean",Barbados,Snacks,Offline,M,4/24/2010,447576844,5/3/2010,6789,152.58,97.44,1035865.62,661520.16,374345.46
"Middle East and North Africa",Israel,Clothes,Online,C,10/11/2012,828809726,10/22/2012,2071,109.28,35.84,226318.88,74224.64,152094.24
Europe,Andorra,"Personal Care",Offline,L,12/7/2016,396573674,1/9/2017,3818,81.73,56.67,312045.14,216366.06,95679.08
"Sub-Saharan Africa","The Gambia",Meat,Offline,H,10/29/2011,807167518,11/23/2011,7660,421.89,364.69,3231677.40,2793525.40,438152.00
Europe,Montenegro,"Personal Care",Online,M,4/12/2010,637202584,5/31/2010,1260,81.73,56.67,102979.80,71404.20,31575.60
Europe,"United Kingdom",Clothes,Online,H,10/28/2014,333602702,11/1/2014,9308,109.28,35.84,1017178.24,333598.72,683579.52
Asia,Nepal,"Baby Food",Offline,L,11/30/2013,863604199,12/7/2013,8529,255.28,159.42,2177283.12,1359693.18,817589.94
"Central America and the Caribbean","Saint Lucia",Cereal,Offline,H,1/1/2016,564755904,1/8/2016,2677,205.70,117.11,550658.90,313503.47,237155.43
"North America",Mexico,Household,Online,H,6/14/2015,994919145,7/6/2015,7539,668.27,502.54,5038087.53,3788649.06,1249438.47
"Central America and the Caribbean","The Bahamas",Household,Online,M,6/27/2011,182267749,6/30/2011,5932,668.27,502.54,3964177.64,2981067.28,983110.36
Europe,Finland,"Office Supplies",Online,L,12/17/2011,275288045,1/5/2012,2705,651.21,524.96,1761523.05,1420016.80,341506.25
"Australia and Oceania","Marshall Islands","Personal Care",Online,L,6/10/2014,792778861,7/4/2014,9737,81.73,56.67,795805.01,551795.79,244009.22
Europe,Austria,Meat,Online,H,7/20/2017,873851525,8/27/2017,940,421.89,364.69,396576.60,342808.60,53768.00
"Sub-Saharan Africa","Republic of the Congo",Household,Offline,H,3/15/2017,627929866,3/30/2017,7256,668.27,502.54,4848967.12,3646430.24,1202536.88
Europe,Monaco,Cosmetics,Offline,C,5/13/2010,684750211,6/10/2010,1659,437.20,263.33,725314.80,436864.47,288450.33
Asia,"North Korea",Vegetables,Offline,C,1/2/2014,844361388,2/4/2014,4153,154.06,90.93,639811.18,377632.29,262178.89
Asia,Malaysia,Cosmetics,Online,C,11/13/2015,527124726,11/16/2015,6775,437.20,263.33,2962030.00,1784060.75,1177969.25
Europe,Italy,Beverages,Offline,L,2/12/2016,123714053,3/31/2016,8592,47.45,31.79,407690.40,273139.68,134550.72
"Sub-Saharan Africa",Guinea,Vegetables,Online,H,12/27/2015,545115697,2/5/2016,703,154.06,90.93,108304.18,63923.79,44380.39
Europe,Kosovo,Meat,Offline,C,12/26/2013,972628486,2/6/2014,1238,421.89,364.69,522299.82,451486.22,70813.60
Europe,Bulgaria,"Baby Food",Online,M,4/5/2017,207863748,5/2/2017,357,255.28,159.42,91134.96,56912.94,34222.02
"Australia and Oceania",Tonga,Clothes,Online,C,2/3/2015,722745311,2/12/2015,5253,109.28,35.84,574047.84,188267.52,385780.32
"Sub-Saharan Africa",Gabon,Fruits,Offline,L,12/21/2012,109509503,1/4/2013,5150,9.33,6.92,48049.50,35638.00,12411.50
Europe,Georgia,Fruits,Offline,L,9/2/2013,530705153,9/9/2013,6303,9.33,6.92,58806.99,43616.76,15190.23
Europe,Liechtenstein,Cereal,Offline,M,6/13/2013,169193589,6/29/2013,6998,205.70,117.11,1439488.60,819535.78,619952.82
"Sub-Saharan Africa",Zimbabwe,Vegetables,Online,C,6/2/2013,878148639,6/8/2013,2551,154.06,90.93,393007.06,231962.43,161044.63
"Sub-Saharan Africa",Malawi,Cosmetics,Online,M,10/5/2015,531056630,10/13/2015,313,437.20,263.33,136843.60,82422.29,54421.31
Europe,Georgia,Beverages,Offline,H,5/9/2012,671716392,6/17/2012,4662,47.45,31.79,221211.90,148204.98,73006.92
"Sub-Saharan Africa","The Gambia",Clothes,Offline,C,4/19/2011,664239251,5/18/2011,2010,109.28,35.84,219652.80,72038.40,147614.40
"Central America and the Caribbean",Dominica,Snacks,Online,L,5/21/2010,843049037,7/9/2010,5799,152.58,97.44,884811.42,565054.56,319756.86
Europe,Croatia,Cereal,Offline,H,1/24/2016,262882077,2/23/2016,1503,205.70,117.11,309167.10,176016.33,133150.77
"Sub-Saharan Africa",Madagascar,Household,Online,L,11/23/2016,748787200,1/5/2017,1627,668.27,502.54,1087275.29,817632.58,269642.71
"Sub-Saharan Africa",Kenya,Cosmetics,Offline,M,2/3/2010,146125733,2/26/2010,707,437.20,263.33,309100.40,186174.31,122926.09
Europe,Liechtenstein,"Personal Care",Online,M,11/9/2012,870571506,12/22/2012,309,81.73,56.67,25254.57,17511.03,7743.54
"Sub-Saharan Africa","Central African Republic",Meat,Online,H,3/4/2013,458110845,4/9/2013,4034,421.89,364.69,1701904.26,1471159.46,230744.80
Asia,Mongolia,Household,Offline,C,6/10/2011,115042579,7/9/2011,2510,668.27,502.54,1677357.70,1261375.40,415982.30
"Sub-Saharan Africa","South Africa",Meat,Online,L,9/12/2016,667978036,9/18/2016,8400,421.89,364.69,3543876.00,3063396.00,480480.00
"Sub-Saharan Africa",Guinea,Household,Offline,C,7/20/2012,313841044,9/5/2012,1394,668.27,502.54,931568.38,700540.76,231027.62
Europe,Germany,"Office Supplies",Online,M,12/14/2013,469867932,1/19/2014,3218,651.21,524.96,2095593.78,1689321.28,406272.50
"Central America and the Caribbean",Nicaragua,Cosmetics,Offline,C,6/4/2010,823607528,6/6/2010,2625,437.20,263.33,1147650.00,691241.25,456408.75
Europe,Norway,Cereal,Online,M,4/6/2015,682921159,5/13/2015,402,205.70,117.11,82691.40,47078.22,35613.18
Asia,Nepal,"Office Supplies",Online,M,4/30/2016,325982654,5/18/2016,4366,651.21,524.96,2843182.86,2291975.36,551207.50
"Sub-Saharan Africa",Chad,Cosmetics,Offline,C,2/14/2010,551278340,3/23/2010,4366,437.20,263.33,1908815.20,1149698.78,759116.42
"Sub-Saharan Africa",Niger,"Office Supplies",Offline,C,2/19/2013,427607047,3/14/2013,7282,651.21,524.96,4742111.22,3822758.72,919352.50
"Sub-Saharan Africa",Zimbabwe,Cereal,Online,H,8/23/2012,444080102,9/14/2012,2025,205.70,117.11,416542.50,237147.75,179394.75
"Sub-Saharan Africa",Kenya,"Baby Food",Online,L,11/28/2015,260121333,12/12/2015,4538,255.28,159.42,1158460.64,723447.96,435012.68
Asia,Uzbekistan,Beverages,Online,L,2/11/2016,955467069,3/28/2016,2793,47.45,31.79,132527.85,88789.47,43738.38
Asia,Singapore,Household,Online,C,4/19/2011,980166137,6/7/2011,1796,668.27,502.54,1200212.92,902561.84,297651.08
"Sub-Saharan Africa",Botswana,Household,Offline,L,9/15/2015,204579865,10/5/2015,8583,668.27,502.54,5735761.41,4313300.82,1422460.59
"Middle East and North Africa","Saudi Arabia",Household,Online,H,7/30/2010,369382083,9/13/2010,7222,668.27,502.54,4826245.94,3629343.88,1196902.06
Asia,Laos,Beverages,Offline,C,1/26/2016,135559117,2/16/2016,3810,47.45,31.79,180784.50,121119.90,59664.60
"Sub-Saharan Africa",Rwanda,"Baby Food",Offline,C,10/7/2011,934409797,11/12/2011,1478,255.28,159.42,377303.84,235622.76,141681.08
Asia,Turkmenistan,Cosmetics,Online,H,3/2/2016,217545449,4/10/2016,5388,437.20,263.33,2355633.60,1418822.04,936811.56
"Sub-Saharan Africa","Sierra Leone","Personal Care",Offline,M,10/10/2014,906889903,10/26/2014,7730,81.73,56.67,631772.90,438059.10,193713.80
"Sub-Saharan Africa",Uganda,"Office Supplies",Online,L,11/9/2016,144679486,12/1/2016,2730,651.21,524.96,1777803.30,1433140.80,344662.50
Europe,Russia,Snacks,Offline,C,10/31/2013,543463027,12/14/2013,1641,152.58,97.44,250383.78,159899.04,90484.74
"Sub-Saharan Africa","Cape Verde",Household,Offline,M,4/26/2013,736101853,5/31/2013,7751,668.27,502.54,5179760.77,3895187.54,1284573.23
Asia,Mongolia,"Baby Food",Offline,L,8/22/2012,325769793,9/28/2012,1376,255.28,159.42,351265.28,219361.92,131903.36
Asia,Kazakhstan,Meat,Offline,L,3/12/2010,335953176,3/16/2010,4865,421.89,364.69,2052494.85,1774216.85,278278.00
Europe,Ireland,Cosmetics,Offline,C,10/15/2016,960450828,11/13/2016,7598,437.20,263.33,3321845.60,2000781.34,1321064.26
"Sub-Saharan Africa",Ghana,"Office Supplies",Offline,L,1/8/2014,213374078,1/25/2014,986,651.21,524.96,642093.06,517610.56,124482.50
Europe,Armenia,Cereal,Offline,H,1/16/2011,679146754,1/30/2011,3472,205.70,117.11,714190.40,406605.92,307584.48
"Sub-Saharan Africa",Uganda,"Personal Care",Online,H,7/6/2010,962505185,8/1/2010,5528,81.73,56.67,451803.44,313271.76,138531.68
"Australia and Oceania","Solomon Islands",Vegetables,Offline,C,5/9/2012,638498198,6/28/2012,4661,154.06,90.93,718073.66,423824.73,294248.93
"Sub-Saharan Africa","The Gambia",Clothes,Offline,C,7/25/2017,702487123,9/7/2017,405,109.28,35.84,44258.40,14515.20,29743.20
"Sub-Saharan Africa",Sudan,Cosmetics,Offline,L,11/4/2016,420145785,11/9/2016,9329,437.20,263.33,4078638.80,2456605.57,1622033.23
"Sub-Saharan Africa",Sudan,Clothes,Online,C,2/6/2017,477460515,3/25/2017,31,109.28,35.84,3387.68,1111.04,2276.64
"Sub-Saharan Africa","Burkina Faso","Personal Care",Offline,H,12/16/2014,730730140,12/30/2014,8142,81.73,56.67,665445.66,461407.14,204038.52
Asia,Maldives,Snacks,Offline,C,9/1/2015,656565988,9/23/2015,1321,152.58,97.44,201558.18,128718.24,72839.94
Europe,Armenia,"Office Supplies",Online,M,3/9/2014,701891887,3/29/2014,4262,651.21,524.96,2775457.02,2237379.52,538077.50
Europe,Kosovo,Cosmetics,Offline,M,2/10/2014,933944165,3/4/2014,3688,437.20,263.33,1612393.60,971161.04,641232.56
"Sub-Saharan Africa","South Sudan",Cereal,Online,M,4/28/2016,590271651,5/28/2016,3354,205.70,117.11,689917.80,392786.94,297130.86
Asia,Tajikistan,Clothes,Online,H,3/11/2015,328735673,3/20/2015,9046,109.28,35.84,988546.88,324208.64,664338.24
"Sub-Saharan Africa",Swaziland,"Baby Food",Online,H,7/3/2017,877510058,7/17/2017,3581,255.28,159.42,914157.68,570883.02,343274.66
"Sub-Saharan Africa",Namibia,Fruits,Offline,M,12/22/2015,785081136,1/1/2016,1809,9.33,6.92,16877.97,12518.28,4359.69
"Australia and Oceania",Tuvalu,Cereal,Online,C,9/27/2015,470247733,10/1/2015,5609,205.70,117.11,1153771.30,656869.99,496901.31
