Region,Country,"Item Type","Sales Channel","Order Priority","Order Date","Order ID","Ship Date","Units Sold","Unit Price","Unit Cost","Total Revenue","Total Cost","Total Profit"
Europe,Bulgaria,Beverages,Offline,M,6/5/2015,872121179,6/19/2015,8892,47.45,31.79,421925.40,282676.68,139248.72
Asia,"Sri Lanka",Cosmetics,Online,H,12/11/2010,300125300,1/27/2011,2601,437.20,263.33,1137157.20,684921.33,452235.87
"Central America and the Caribbean",Guatemala,"Baby Food",Offline,C,5/29/2014,283996427,6/19/2014,9709,255.28,159.42,2478513.52,1547808.78,930704.74
Europe,Macedonia,Clothes,Online,L,6/29/2012,623783385,8/15/2012,220,109.28,35.84,24041.60,7884.80,16156.80
Asia,Indonesia,"Office Supplies",Online,L,8/31/2015,739847505,10/15/2015,6173,651.21,524.96,4019919.33,3240578.08,779341.25
Europe,France,Cosmetics,Online,M,7/6/2016,122862613,7/30/2016,6632,437.20,263.33,2899510.40,1746404.56,1153105.84
Asia,Uzbekistan,Snacks,Online,C,4/9/2016,583815038,4/19/2016,2698,152.58,97.44,411660.84,262893.12,148767.72
"Central America and the Caribbean",Belize,"Office Supplies",Online,L,6/13/2013,404003608,6/25/2013,2500,651.21,524.96,1628025.00,1312400.00,315625.00
"Sub-Saharan Africa","Republic of the Congo","Personal Care",Offline,H,3/12/2015,185039651,3/19/2015,6200,81.73,56.67,506726.00,351354.00,155372.00
Asia,Brunei,Cosmetics,Online,C,10/14/2010,598846995,10/20/2010,988,437.20,263.33,431953.60,260170.04,171783.56
"Sub-Saharan Africa","Mauritius ",Snacks,Online,C,4/15/2013,137661969,5/21/2013,6091,152.58,97.44,929364.78,593507.04,335857.74
"Sub-Saharan Africa","Sao Tome and Principe",Cereal,Online,C,4/29/2010,964033401,5/10/2010,7761,205.70,117.11,1596437.70,908890.71,687546.99
"Sub-Saharan Africa",Ethiopia,Meat,Online,L,4/22/2013,360822618,5/2/2013,4286,421.89,364.69,1808220.54,1563061.34,245159.20
Europe,Switzerland,"Office Supplies",Online,M,10/8/2015,181203448,11/27/2015,982,651.21,524.96,639488.22,515510.72,123977.50
Asia,"South Korea",Fruits,Offline,H,4/26/2012,998662221,5/2/2012,5199,9.33,6.92,48506.67,35977.08,12529.59
"Sub-Saharan Africa",Benin,Fruits,Offline,M,7/23/2017,756997764,7/23/2017,1315,9.33,6.92,12268.95,9099.80,3169.15
"North America",Mexico,"Office Supplies",Offline,M,11/11/2016,620321404,11/24/2016,5743,651.21,524.96,3739899.03,3014845.28,725053.75
"Middle East and North Africa","Tunisia ",Cosmetics,Online,L,8/10/2015,923056972,8/21/2015,1925,437.20,263.33,841610.00,506910.25,334699.75
"Middle East and North Africa",Turkey,Vegetables,Online,M,8/25/2012,719940793,9/24/2012,5334,154.06,90.93,821756.04,485020.62,336735.42
Europe,"Moldova ",Beverages,Offline,H,9/19/2011,936021697,10/28/2011,8475,47.45,31.79,402138.75,269420.25,132718.50
Europe,Sweden,Household,Online,M,1/3/2010,316661012,1/24/2010,5885,668.27,502.54,3932768.95,2957447.90,975321.05
"Central America and the Caribbean",Nicaragua,"Personal Care",Online,C,2/27/2017,377532565,2/28/2017,9130,81.73,56.67,746194.90,517397.10,228797.80
"Sub-Saharan Africa",Niger,Fruits,Offline,H,7/30/2013,454622685,8/12/2013,1810,9.33,6.92,16887.30,12525.20,4362.10
"North America",Canada,Vegetables,Offline,M,10/23/2014,854230201,11/24/2014,4554,154.06,90.93,701589.24,414095.22,287494.02
Asia,Japan,Vegetables,Offline,L,10/2/2014,602966439,11/15/2014,23,154.06,90.93,3543.38,2091.39,1451.99
Asia,Kyrgyzstan,Beverages,Online,L,2/24/2012,597755229,3/20/2012,7911,47.45,31.79,375376.95,251490.69,123886.26
"Middle East and North Africa",Israel,Fruits,Offline,L,5/22/2014,455832898,6/6/2014,9939,9.33,6.92,92730.87,68777.88,23952.99
Europe,Kosovo,Snacks,Offline,C,12/25/2010,764748275,2/2/2011,4864,152.58,97.44,742149.12,473948.16,268200.96
"Central America and the Caribbean","The Bahamas",Clothes,Online,H,3/28/2015,832362687,5/6/2015,3471,109.28,35.84,379310.88,124400.64,254910.24
"Australia and Oceania",Nauru,Vegetables,Offline,C,1/4/2015,936849963,2/16/2015,3578,154.06,90.93,551226.68,325347.54,225879.14
"Sub-Saharan Africa","Democratic Republic of the Congo","Personal Care",Offline,H,5/16/2014,976696431,6/27/2014,5033,81.73,56.67,411347.09,285220.11,126126.98
Europe,Luxembourg,Meat,Offline,C,9/3/2014,920700919,9/21/2014,4717,421.89,364.69,1990055.13,1720242.73,269812.40
Europe,Romania,Cereal,Online,C,10/3/2010,357974755,10/16/2010,1540,205.70,117.11,316778.00,180349.40,136428.60
"Sub-Saharan Africa",Chad,Cosmetics,Offline,M,6/16/2017,747941768,6/26/2017,1445,437.20,263.33,631754.00,380511.85,251242.15
"Sub-Saharan Africa",Rwanda,"Office Supplies",Offline,M,10/26/2012,470338284,10/29/2012,2405,651.21,524.96,1566160.05,1262528.80,303631.25
Asia,Bangladesh,Household,Offline,M,1/8/2010,675213134,2/3/2010,9426,668.27,502.54,6299113.02,4736942.04,1562170.98
"Middle East and North Africa",Bahrain,Meat,Online,H,9/28/2015,332927644,10/23/2015,9543,421.89,364.69,4026096.27,3480236.67,545859.60
"Sub-Saharan Africa","Cote d'Ivoire",Meat,Offline,M,3/18/2011,284155642,4/23/2011,6824,421.89,364.69,2878977.36,2488644.56,390332.80
"Australia and Oceania","Papua New Guinea","Baby Food",Online,M,8/4/2016,989883458,8/9/2016,7368,255.28,159.42,1880903.04,1174606.56,706296.48
"Central America and the Caribbean","The Bahamas",Meat,Online,M,6/20/2011,281409919,7/11/2011,4303,421.89,364.69,1815392.67,1569261.07,246131.60
Asia,Kyrgyzstan,Fruits,Offline,L,5/4/2014,110346353,6/6/2014,2793,9.33,6.92,26058.69,19327.56,6731.13
Europe,"Moldova ","Personal Care",Online,C,9/14/2010,698616588,10/12/2010,5028,81.73,56.67,410938.44,284936.76,126001.68
Europe,Slovenia,Meat,Offline,M,5/30/2017,988456952,6/6/2017,5233,421.89,364.69,2207750.37,1908422.77,299327.60
Europe,Spain,Fruits,Online,L,9/22/2010,892416274,10/4/2010,4662,9.33,6.92,43496.46,32261.04,11235.42
"Central America and the Caribbean",Barbados,"Personal Care",Online,M,5/30/2013,843355882,7/13/2013,6601,81.73,56.67,539499.73,374078.67,165421.06
"Middle East and North Africa",Libya,Clothes,Offline,H,3/24/2015,444449603,5/7/2015,1369,109.28,35.84,149604.32,49064.96,100539.36
"Sub-Saharan Africa",Namibia,Fruits,Offline,H,7/24/2014,719183766,8/9/2014,1313,9.33,6.92,12250.29,9085.96,3164.33
"Middle East and North Africa",Pakistan,Cereal,Offline,L,8/28/2014,961357200,9/2/2014,5814,205.70,117.11,1195939.80,680877.54,515062.26
Asia,Mongolia,Clothes,Offline,L,4/1/2012,985081231,4/16/2012,6282,109.28,35.84,686496.96,225146.88,461350.08
Europe,"San Marino","Baby Food",Online,L,7/1/2016,674779689,8/12/2016,1160,255.28,159.42,296124.80,184927.20,111197.60
Europe,Ireland,Vegetables,Online,C,11/28/2014,435188901,1/8/2015,922,154.06,90.93,142043.32,83837.46,58205.86
Asia,Vietnam,Cosmetics,Online,M,12/25/2014,741357696,1/3/2015,3072,437.20,263.33,1343078.40,808949.76,534128.64
Asia,Cambodia,Beverages,Online,L,2/22/2010,788647401,2/28/2010,7146,47.45,31.79,339077.70,227171.34,111906.36
"Central America and the Caribbean","Saint Kitts and Nevis ",Snacks,Online,C,10/22/2013,742731845,11/20/2013,9713,152.58,97.44,1482009.54,946434.72,535574.82
"North America","United States of America",Cereal,Online,L,3/4/2010,389597356,4/11/2010,9370,205.70,117.11,1927409.00,1097320.70,830088.30
"Central America and the Caribbean","Trinidad and Tobago",Beverages,Offline,M,12/29/2010,485542762,1/30/2011,1748,47.45,31.79,82942.60,55568.92,27373.68
"Sub-Saharan Africa",Guinea-Bissau,Fruits,Online,C,12/15/2013,507179391,1/7/2014,4507,9.33,6.92,42050.31,31188.44,10861.87
Asia,"Sri Lanka",Fruits,Offline,C,1/7/2014,901431071,1/20/2014,2341,9.33,6.92,21841.53,16199.72,5641.81
"Sub-Saharan Africa",Ethiopia,"Personal Care",Offline,M,10/13/2014,835534131,10/28/2014,1972,81.73,56.67,161171.56,111753.24,49418.32
"Middle East and North Africa",Iran,Vegetables,Offline,H,2/13/2017,447037398,3/15/2017,7155,154.06,90.93,1102299.30,650604.15,451695.15
"Sub-Saharan Africa",Ghana,Cereal,Online,L,5/27/2015,393802201,6/21/2015,3677,205.70,117.11,756358.90,430613.47,325745.43
Europe,Armenia,Meat,Offline,M,6/2/2016,504002368,6/4/2016,4356,421.89,364.69,1837752.84,1588589.64,249163.20
Europe,Ireland,Fruits,Offline,H,11/20/2012,226124227,12/21/2012,4038,9.33,6.92,37674.54,27942.96,9731.58
Asia,Singapore,Clothes,Online,L,7/6/2017,878966605,7/19/2017,4606,109.28,35.84,503343.68,165079.04,338264.64
Europe,Kosovo,Meat,Online,C,10/10/2013,701640832,10/29/2013,9969,421.89,364.69,4205821.41,3635594.61,570226.80
"Central America and the Caribbean",Barbados,Beverages,Offline,M,9/23/2012,703570735,9/28/2012,1070,47.45,31.79,50771.50,34015.30,16756.20
"Sub-Saharan Africa","Sao Tome and Principe",Cereal,Offline,H,5/8/2011,614492642,6/20/2011,883,205.70,117.11,181633.10,103408.13,78224.97
"Sub-Saharan Africa","Sao Tome and Principe","Office Supplies",Online,C,6/16/2011,234455382,7/24/2011,9413,651.21,524.96,6129839.73,4941448.48,1188391.25
Asia,Kyrgyzstan,Snacks,Online,C,12/8/2015,783820283,12/21/2015,8695,152.58,97.44,1326683.10,847240.80,479442.30
Europe,Iceland,"Personal Care",Offline,M,5/20/2017,853261172,6/18/2017,7797,81.73,56.67,637248.81,441855.99,195392.82
"Central America and the Caribbean",Belize,"Office Supplies",Online,H,1/11/2017,453764379,1/19/2017,7818,651.21,524.96,5091159.78,4104137.28,987022.50
"Sub-Saharan Africa","Mauritius ","Office Supplies",Offline,L,5/22/2013,566628730,6/3/2013,6888,651.21,524.96,4485534.48,3615924.48,869610.00
"Middle East and North Africa",Iraq,Fruits,Offline,M,8/8/2013,893465554,8/23/2013,5167,9.33,6.92,48208.11,35755.64,12452.47
Asia,Singapore,Snacks,Online,H,7/11/2014,306198680,8/12/2014,9849,152.58,97.44,1502760.42,959686.56,543073.86
"Australia and Oceania",Kiribati,Meat,Offline,H,1/28/2014,897064435,3/5/2014,156,421.89,364.69,65814.84,56891.64,8923.20
Europe,Luxembourg,Cosmetics,Offline,M,1/10/2015,328611648,2/24/2015,2344,437.20,263.33,1024796.80,617245.52,407551.28
"Middle East and North Africa",Algeria,Cereal,Offline,M,8/20/2013,383701646,9/23/2013,4699,205.70,117.11,966584.30,550299.89,416284.41
"Middle East and North Africa",Egypt,Clothes,Online,M,1/7/2011,215508258,1/27/2011,2537,109.28,35.84,277243.36,90926.08,186317.28
Europe,Hungary,Meat,Offline,M,12/3/2016,397517812,1/6/2017,3209,421.89,364.69,1353845.01,1170290.21,183554.80
Asia,Kazakhstan,Household,Online,C,8/30/2015,673529136,10/11/2015,1093,668.27,502.54,730419.11,549276.22,181142.89
Europe,Kosovo,Vegetables,Online,M,5/1/2015,407653558,5/26/2015,2602,154.06,90.93,400864.12,236599.86,164264.26
"Australia and Oceania","Samoa ",Household,Offline,L,9/21/2013,834314906,9/24/2013,1176,668.27,502.54,785885.52,590987.04,194898.48
"Middle East and North Africa","United Arab Emirates",Household,Online,C,4/14/2017,108249509,4/22/2017,2290,668.27,502.54,1530338.30,1150816.60,379521.70
Asia,Tajikistan,Vegetables,Online,H,8/1/2014,954506194,8/13/2014,8449,154.06,90.93,1301652.94,768267.57,533385.37
Europe,Belarus,"Office Supplies",Offline,C,5/25/2010,318446290,7/12/2010,4189,651.21,524.96,2727918.69,2199057.44,528861.25
"Australia and Oceania",Australia,Snacks,Offline,C,5/12/2014,615743625,6/19/2014,1077,152.58,97.44,164328.66,104942.88,59385.78
Asia,India,Cosmetics,Offline,L,6/15/2014,282384526,7/3/2014,2711,437.20,263.33,1185249.20,713887.63,471361.57
Asia,Kazakhstan,Fruits,Online,M,1/30/2011,524667823,2/12/2011,9723,9.33,6.92,90715.59,67283.16,23432.43
Europe,Albania,"Office Supplies",Offline,H,4/11/2013,369204843,4/20/2013,4772,651.21,524.96,3107574.12,2505109.12,602465.00
Europe,Macedonia,Vegetables,Offline,L,3/21/2012,712919414,4/23/2012,7552,154.06,90.93,1163461.12,686703.36,476757.76
Asia,Malaysia,Fruits,Offline,M,4/18/2015,273047864,5/10/2015,9786,9.33,6.92,91303.38,67719.12,23584.26
"Middle East and North Africa",Oman,Household,Online,M,1/7/2012,537139022,1/10/2012,228,668.27,502.54,152365.56,114579.12,37786.44
"Sub-Saharan Africa",Djibouti,"Personal Care",Online,H,9/8/2015,813054215,9/26/2015,9665,81.73,56.67,789920.45,547715.55,242204.90
"Sub-Saharan Africa","South Africa",Meat,Online,L,3/1/2014,478967273,4/16/2014,5915,421.89,364.69,2495479.35,2157141.35,338338.00
"Sub-Saharan Africa",Malawi,Cosmetics,Offline,L,7/10/2011,333364522,8/5/2011,8825,437.20,263.33,3858290.00,2323887.25,1534402.75
Asia,"South Korea",Snacks,Offline,M,9/6/2016,345044791,10/17/2016,5276,152.58,97.44,805012.08,514093.44,290918.64
Asia,Maldives,Fruits,Offline,H,11/29/2016,103119409,12/31/2016,4179,9.33,6.92,38990.07,28918.68,10071.39
"Sub-Saharan Africa","Cape Verde","Office Supplies",Offline,M,11/28/2011,167012202,12/31/2011,1477,651.21,524.96,961837.17,775365.92,186471.25
"Central America and the Caribbean",Honduras,Cereal,Offline,H,7/28/2017,716459500,9/5/2017,5142,205.70,117.11,1057709.40,602179.62,455529.78
"Australia and Oceania","New Zealand",Beverages,Online,H,10/16/2016,201510131,11/17/2016,181,47.45,31.79,8588.45,5753.99,2834.46
