Region,Country,"Item Type","Sales Channel","Order Priority","Order Date","Order ID","Ship Date","Units Sold","Unit Price","Unit Cost","Total Revenue","Total Cost","Total Profit"
Europe,Denmark,"Baby Food",Offline,C,7/24/2016,894517838,9/2/2016,6561,255.28,159.42,1674892.08,1045954.62,628937.46
"Australia and Oceania",Tuvalu,"Office Supplies",Offline,H,11/9/2016,811798083,12/3/2016,7948,651.21,524.96,5175817.08,4172382.08,1003435.00
Europe,Ireland,"Office Supplies",Online,C,7/25/2015,186312520,8/29/2015,2870,651.21,524.96,1868972.70,1506635.20,362337.50
Asia,India,Vegetables,Offline,C,1/8/2014,786859977,1/9/2014,8208,154.06,90.93,1264524.48,746353.44,518171.04
Europe,Italy,Clothes,Offline,L,8/27/2014,402551782,9/13/2014,2873,109.28,35.84,313961.44,102968.32,210993.12
Europe,Albania,Clothes,Online,L,2/23/2017,492811763,3/8/2017,2807,109.28,35.84,306748.96,100602.88,206146.08
Europe,Lithuania,"Baby Food",Online,L,9/9/2014,337376248,10/15/2014,5984,255.28,159.42,1527595.52,953969.28,573626.24
"Sub-Saharan Africa",Tanzania,Fruits,Online,L,11/21/2012,186294066,12/9/2012,7409,9.33,6.92,69125.97,51270.28,17855.69
"Sub-Saharan Africa","Equatorial Guinea",Cereal,Offline,H,11/8/2010,809926545,11/14/2010,4118,205.70,117.11,847072.60,482258.98,364813.62
Europe,"Czech Republic",Cosmetics,Online,C,7/11/2012,348947513,8/16/2012,178,437.20,263.33,77821.60,46872.74,30948.86
"Australia and Oceania",Fiji,Clothes,Online,C,5/11/2015,164343297,5/15/2015,1689,109.28,35.84,184573.92,60533.76,124040.16
"Middle East and North Africa","Saudi Arabia","Office Supplies",Offline,L,1/26/2014,787412726,3/16/2014,1779,651.21,524.96,1158502.59,933903.84,224598.75
"Sub-Saharan Africa",Liberia,Vegetables,Offline,M,1/10/2012,569767129,1/27/2012,5610,154.06,90.93,864276.60,510117.30,354159.30
"North America","United States of America",Snacks,Offline,H,6/7/2017,633330333,7/27/2017,5374,152.58,97.44,819964.92,523642.56,296322.36
Europe,Germany,"Baby Food",Offline,M,11/8/2016,820338666,12/25/2016,5296,255.28,159.42,1351962.88,844288.32,507674.56
Europe,Norway,"Baby Food",Online,L,11/5/2016,143340957,12/23/2016,6629,255.28,159.42,1692251.12,1056795.18,635455.94
"Australia and Oceania","Marshall Islands",Household,Online,L,6/16/2017,835198533,6/21/2017,2661,668.27,502.54,1778266.47,1337258.94,441007.53
Europe,Germany,Cereal,Offline,L,1/5/2016,699085223,1/17/2016,3708,205.70,117.11,762735.60,434243.88,328491.72
Asia,Nepal,Beverages,Offline,M,11/25/2010,758487355,12/16/2010,2119,47.45,31.79,100546.55,67363.01,33183.54
"Australia and Oceania",Nauru,Cosmetics,Offline,L,12/10/2012,307203757,1/4/2013,7273,437.20,263.33,3179755.60,1915199.09,1264556.51
"Central America and the Caribbean",Haiti,Fruits,Offline,C,4/19/2011,959345757,5/20/2011,583,9.33,6.92,5439.39,4034.36,1405.03
"Middle East and North Africa",Algeria,"Baby Food",Offline,C,2/15/2015,799337184,3/19/2015,491,255.28,159.42,125342.48,78275.22,47067.26
"North America","United States of America",Clothes,Online,C,12/6/2011,231914365,1/11/2012,7469,109.28,35.84,816212.32,267688.96,548523.36
"Middle East and North Africa",Afghanistan,Cereal,Offline,L,10/15/2016,632126128,11/23/2016,9023,205.70,117.11,1856031.10,1056683.53,799347.57
"Middle East and North Africa",Lebanon,Vegetables,Online,H,7/20/2015,295333802,9/8/2015,4690,154.06,90.93,722541.40,426461.70,296079.70
Europe,France,Snacks,Online,M,1/22/2014,287211215,2/6/2014,1036,152.58,97.44,158072.88,100947.84,57125.04
Asia,Tajikistan,Household,Offline,C,8/29/2011,393744695,10/16/2011,6660,668.27,502.54,4450678.20,3346916.40,1103761.80
Europe,Montenegro,Cosmetics,Online,C,7/13/2012,471233069,8/27/2012,7192,437.20,263.33,3144342.40,1893869.36,1250473.04
Asia,"Sri Lanka",Cosmetics,Offline,H,5/13/2014,896287667,6/1/2014,293,437.20,263.33,128099.60,77155.69,50943.91
Europe,Finland,Snacks,Online,H,2/11/2012,315832316,3/4/2012,656,152.58,97.44,100092.48,63920.64,36171.84
"Middle East and North Africa",Oman,Beverages,Online,H,12/13/2016,597103345,12/28/2016,5004,47.45,31.79,237439.80,159077.16,78362.64
"Middle East and North Africa","Saudi Arabia","Office Supplies",Offline,H,8/10/2014,977649581,8/12/2014,7091,651.21,524.96,4617730.11,3722491.36,895238.75
"Sub-Saharan Africa",Gabon,Beverages,Offline,M,8/6/2014,315332353,9/25/2014,2705,47.45,31.79,128352.25,85991.95,42360.30
"North America",Mexico,Cosmetics,Offline,C,2/21/2016,238325488,2/29/2016,4663,437.20,263.33,2038663.60,1227907.79,810755.81
"Middle East and North Africa",Turkey,Clothes,Online,H,12/13/2011,195115315,1/29/2012,7813,109.28,35.84,853804.64,280017.92,573786.72
"Australia and Oceania",Kiribati,Cosmetics,Online,L,9/24/2014,604500663,10/14/2014,4034,437.20,263.33,1763664.80,1062273.22,701391.58
"North America",Canada,Snacks,Online,L,7/18/2015,605592858,9/3/2015,7239,152.58,97.44,1104526.62,705368.16,399158.46
Europe,Georgia,Cosmetics,Online,L,4/16/2010,307815730,5/19/2010,8370,437.20,263.33,3659364.00,2204072.10,1455291.90
"Central America and the Caribbean",Nicaragua,Vegetables,Online,L,2/3/2011,340905606,3/24/2011,399,154.06,90.93,61469.94,36281.07,25188.87
"Australia and Oceania",Palau,Household,Offline,M,3/12/2012,504911315,3/15/2012,3333,668.27,502.54,2227343.91,1674965.82,552378.09
"Sub-Saharan Africa","Sao Tome and Principe",Cosmetics,Offline,C,6/28/2016,220194184,7/16/2016,9207,437.20,263.33,4025300.40,2424479.31,1600821.09
"Middle East and North Africa",Israel,Beverages,Online,C,7/27/2016,777428042,7/29/2016,7089,47.45,31.79,336373.05,225359.31,111013.74
"Sub-Saharan Africa",Ethiopia,Beverages,Offline,L,9/1/2013,387599217,10/1/2013,8077,47.45,31.79,383253.65,256767.83,126485.82
"Sub-Saharan Africa",Comoros,"Baby Food",Online,H,11/11/2013,932006537,11/23/2013,301,255.28,159.42,76839.28,47985.42,28853.86
Asia,Tajikistan,"Baby Food",Offline,M,9/23/2016,312261331,10/16/2016,3922,255.28,159.42,1001208.16,625245.24,375962.92
Europe,Netherlands,Clothes,Offline,M,7/21/2011,100287425,8/17/2011,6133,109.28,35.84,670214.24,219806.72,450407.52
Asia,China,Household,Offline,M,5/24/2011,588321149,7/12/2011,6157,668.27,502.54,4114538.39,3094138.78,1020399.61
"Central America and the Caribbean",Cuba,"Personal Care",Online,M,6/13/2011,338911330,6/16/2011,249,81.73,56.67,20350.77,14110.83,6239.94
"Sub-Saharan Africa",Ethiopia,Clothes,Offline,C,7/21/2015,234919297,8/9/2015,6695,109.28,35.84,731629.60,239948.80,491680.80
"North America",Greenland,Clothes,Online,C,3/31/2017,329518878,4/12/2017,813,109.28,35.84,88844.64,29137.92,59706.72
"Sub-Saharan Africa",Senegal,Beverages,Online,C,2/18/2011,296196401,3/1/2011,9952,47.45,31.79,472222.40,316374.08,155848.32
"Australia and Oceania",Tuvalu,"Office Supplies",Online,C,10/26/2011,778750693,11/30/2011,8491,651.21,524.96,5529424.11,4457435.36,1071988.75
Asia,Uzbekistan,Meat,Offline,L,3/30/2012,241293084,4/12/2012,2841,421.89,364.69,1198589.49,1036084.29,162505.20
"Sub-Saharan Africa","Sierra Leone",Vegetables,Online,C,3/21/2010,818247401,4/6/2010,6444,154.06,90.93,992762.64,585952.92,406809.72
"Central America and the Caribbean","Saint Vincent and the Grenadines",Clothes,Online,C,3/5/2012,664349973,4/1/2012,4775,109.28,35.84,521812.00,171136.00,350676.00
Europe,Finland,Beverages,Offline,L,4/4/2014,704649627,4/18/2014,338,47.45,31.79,16038.10,10745.02,5293.08
"Sub-Saharan Africa","Cape Verde",Meat,Offline,L,9/3/2013,584507691,9/17/2013,7670,421.89,364.69,3235896.30,2797172.30,438724.00
"Sub-Saharan Africa",Rwanda,Meat,Offline,M,6/26/2012,919597995,8/14/2012,8337,421.89,364.69,3517296.93,3040420.53,476876.40
"Sub-Saharan Africa","Mauritius ","Office Supplies",Online,L,10/24/2013,145906865,10/26/2013,5939,651.21,524.96,3867536.19,3117737.44,749798.75
Asia,Kazakhstan,Cosmetics,Offline,C,6/28/2010,369733130,6/28/2010,1104,437.20,263.33,482668.80,290716.32,191952.48
"Sub-Saharan Africa",Namibia,"Baby Food",Online,L,7/22/2011,617688119,8/20/2011,6496,255.28,159.42,1658298.88,1035592.32,622706.56
"Sub-Saharan Africa","South Africa","Personal Care",Online,H,10/4/2015,886695659,10/19/2015,1805,81.73,56.67,147522.65,102289.35,45233.30
"Sub-Saharan Africa",Ghana,Fruits,Online,M,5/2/2015,793992078,6/17/2015,8755,9.33,6.92,81684.15,60584.60,21099.55
Europe,Spain,"Office Supplies",Online,M,12/12/2014,927126204,1/31/2015,6102,651.21,524.96,3973683.42,3203305.92,770377.50
"Australia and Oceania",Kiribati,Cosmetics,Online,H,10/1/2012,593959367,10/17/2012,4631,437.20,263.33,2024673.20,1219481.23,805191.97
Europe,Georgia,Snacks,Online,H,10/3/2011,972665393,10/27/2011,2159,152.58,97.44,329420.22,210372.96,119047.26
"Sub-Saharan Africa",Tanzania,Vegetables,Offline,L,1/10/2016,161730611,1/25/2016,8537,154.06,90.93,1315210.22,776269.41,538940.81
Asia,"Sri Lanka",Beverages,Offline,M,10/9/2011,829953849,10/29/2011,642,47.45,31.79,30462.90,20409.18,10053.72
Europe,Montenegro,Fruits,Online,C,7/20/2016,766446435,8/22/2016,7387,9.33,6.92,68920.71,51118.04,17802.67
"Sub-Saharan Africa","Central African Republic",Vegetables,Online,L,11/29/2014,530632197,1/2/2015,4714,154.06,90.93,726238.84,428644.02,297594.82
"Central America and the Caribbean",Honduras,"Baby Food",Online,C,3/8/2015,302247464,3/27/2015,596,255.28,159.42,152146.88,95014.32,57132.56
Europe,Belarus,Snacks,Offline,L,5/28/2015,331341063,6/18/2015,39,152.58,97.44,5950.62,3800.16,2150.46
"Sub-Saharan Africa",Djibouti,"Office Supplies",Offline,H,9/3/2014,488274323,10/10/2014,78,651.21,524.96,50794.38,40946.88,9847.50
Europe,Croatia,Meat,Online,C,12/11/2016,713721072,12/12/2016,4781,421.89,364.69,2017056.09,1743582.89,273473.20
Europe,Denmark,Vegetables,Offline,C,2/4/2012,568667638,2/17/2012,246,154.06,90.93,37898.76,22368.78,15529.98
Europe,Netherlands,"Office Supplies",Offline,L,7/23/2017,584412848,7/31/2017,9604,651.21,524.96,6254220.84,5041715.84,1212505.00
"Middle East and North Africa",Pakistan,"Baby Food",Offline,M,12/25/2013,912568032,1/31/2014,8015,255.28,159.42,2046069.20,1277751.30,768317.90
"Central America and the Caribbean",Guatemala,"Office Supplies",Online,M,2/24/2017,875057017,4/1/2017,7672,651.21,524.96,4996083.12,4027493.12,968590.00
Europe,Norway,Household,Offline,L,8/15/2013,314116132,8/22/2013,2799,668.27,502.54,1870487.73,1406609.46,463878.27
"Australia and Oceania","Solomon Islands",Beverages,Online,H,7/11/2017,942294204,8/21/2017,4650,47.45,31.79,220642.50,147823.50,72819.00
Europe,Cyprus,Cosmetics,Offline,M,10/6/2013,492452561,11/15/2013,6511,437.20,263.33,2846609.20,1714541.63,1132067.57
"Australia and Oceania",Tonga,Fruits,Online,M,10/23/2014,367765033,12/6/2014,8701,9.33,6.92,81180.33,60210.92,20969.41
Europe,Ireland,Cosmetics,Online,L,6/26/2011,691717946,7/4/2011,3567,437.20,263.33,1559492.40,939298.11,620194.29
Europe,Belgium,Meat,Offline,C,8/6/2014,758110129,9/2/2014,489,421.89,364.69,206304.21,178333.41,27970.80
Europe,"Moldova ","Baby Food",Online,L,4/24/2013,381052911,4/27/2013,879,255.28,159.42,224391.12,140130.18,84260.94
"Sub-Saharan Africa","Sao Tome and Principe","Office Supplies",Online,C,10/16/2016,344970118,11/19/2016,3179,651.21,524.96,2070196.59,1668847.84,401348.75
Europe,"United Kingdom","Baby Food",Online,M,7/16/2012,154598081,8/10/2012,7862,255.28,159.42,2007011.36,1253360.04,753651.32
"Sub-Saharan Africa",Mali,"Office Supplies",Offline,M,8/19/2015,284985625,9/11/2015,2434,651.21,524.96,1585045.14,1277752.64,307292.50
"Australia and Oceania","New Zealand",Beverages,Offline,M,12/1/2011,831494081,1/7/2012,6431,47.45,31.79,305150.95,204441.49,100709.46
"Central America and the Caribbean",Guatemala,Beverages,Offline,H,10/24/2014,159797275,11/6/2014,6419,47.45,31.79,304581.55,204060.01,100521.54
Europe,Austria,Meat,Online,C,2/1/2016,755881536,2/15/2016,999,421.89,364.69,421468.11,364325.31,57142.80
"Sub-Saharan Africa",Zimbabwe,Beverages,Offline,L,5/8/2012,676045691,6/15/2012,5798,47.45,31.79,275115.10,184318.42,90796.68
Europe,Bulgaria,Cereal,Offline,L,6/9/2016,296901071,7/25/2016,8479,205.70,117.11,1744130.30,992975.69,751154.61
"Sub-Saharan Africa",Benin,Cosmetics,Online,C,9/25/2015,965371501,11/4/2015,3735,437.20,263.33,1632942.00,983537.55,649404.45
Asia,Maldives,Snacks,Online,L,10/31/2013,948693311,12/4/2013,8288,152.58,97.44,1264583.04,807582.72,457000.32
Asia,India,Cosmetics,Online,M,8/14/2011,384415328,9/11/2011,5893,437.20,263.33,2576419.60,1551803.69,1024615.91
"Sub-Saharan Africa",Tanzania,Household,Offline,M,1/9/2011,830398881,2/18/2011,2337,668.27,502.54,1561746.99,1174435.98,387311.01
Europe,Monaco,Fruits,Offline,M,4/10/2011,314817798,5/2/2011,437,9.33,6.92,4077.21,3024.04,1053.17
Europe,"Bosnia and Herzegovina",Fruits,Offline,M,8/25/2012,986158406,10/6/2012,5042,9.33,6.92,47041.86,34890.64,12151.22
"Central America and the Caribbean","Antigua and Barbuda ",Vegetables,Offline,C,9/19/2012,563219535,9/22/2012,8031,154.06,90.93,1237255.86,730258.83,506997.03
