Region,Country,"Item Type","Sales Channel","Order Priority","Order Date","Order ID","Ship Date","Units Sold","Unit Price","Unit Cost","Total Revenue","Total Cost","Total Profit"
Europe,Germany,Cereal,Online,C,3/14/2013,333464944,4/9/2013,8542,205.70,117.11,1757089.40,1000353.62,756735.78
"Middle East and North Africa",Israel,Vegetables,Offline,H,3/16/2014,617194163,5/2/2014,323,154.06,90.93,49761.38,29370.39,20390.99
"Sub-Saharan Africa",Swaziland,Household,Offline,C,5/22/2017,813431012,6/8/2017,1168,668.27,502.54,780539.36,586966.72,193572.64
"Middle East and North Africa",Lebanon,Snacks,Online,M,5/16/2010,384724318,5/18/2010,7330,152.58,97.44,1118411.40,714235.20,404176.20
"Sub-Saharan Africa",Ethiopia,Cereal,Offline,L,2/21/2012,213935410,3/21/2012,7097,205.70,117.11,1459852.90,831129.67,628723.23
"North America",Mexico,Cosmetics,Online,L,3/24/2016,354238116,4/7/2016,5785,437.20,263.33,2529202.00,1523364.05,1005837.95
Europe,Slovakia,Cosmetics,Online,L,3/31/2017,479118764,5/7/2017,744,437.20,263.33,325276.80,195917.52,129359.28
"Sub-Saharan Africa","South Sudan",Meat,Online,C,8/24/2014,332376182,9/8/2014,6353,421.89,364.69,2680267.17,2316875.57,363391.60
"Sub-Saharan Africa",Uganda,Cosmetics,Offline,C,7/10/2016,178121697,8/9/2016,9023,437.20,263.33,3944855.60,2376026.59,1568829.01
Asia,Uzbekistan,Meat,Offline,L,2/9/2013,350779139,2/9/2013,2197,421.89,364.69,926892.33,801223.93,125668.40
Asia,"North Korea",Vegetables,Online,C,11/1/2010,805084836,11/10/2010,1349,154.06,90.93,207826.94,122664.57,85162.37
Europe,Spain,Clothes,Online,M,6/2/2013,666087615,6/29/2013,8982,109.28,35.84,981552.96,321914.88,659638.08
"Middle East and North Africa",Qatar,Meat,Offline,H,7/1/2010,479148805,8/8/2010,9634,421.89,364.69,4064488.26,3513423.46,551064.80
Europe,Ireland,Meat,Offline,L,9/15/2011,859942233,9/29/2011,4871,421.89,364.69,2055026.19,1776404.99,278621.20
"Australia and Oceania",Tonga,Vegetables,Offline,H,8/3/2012,244454228,9/14/2012,8293,154.06,90.93,1277619.58,754082.49,523537.09
Europe,Portugal,Clothes,Offline,M,7/22/2013,738983619,9/5/2013,529,109.28,35.84,57809.12,18959.36,38849.76
Asia,Thailand,Fruits,Online,L,1/27/2016,470141732,2/6/2016,4241,9.33,6.92,39568.53,29347.72,10220.81
"Sub-Saharan Africa",Botswana,Vegetables,Offline,M,4/23/2011,334852397,5/6/2011,9120,154.06,90.93,1405027.20,829281.60,575745.60
"Sub-Saharan Africa","Central African Republic","Office Supplies",Online,H,3/24/2014,850351941,5/6/2014,6891,651.21,524.96,4487488.11,3617499.36,869988.75
"Middle East and North Africa",Iraq,Snacks,Offline,L,5/6/2014,804189193,6/1/2014,6308,152.58,97.44,962474.64,614651.52,347823.12
Asia,Bangladesh,Clothes,Online,M,5/20/2017,404225480,5/23/2017,8157,109.28,35.84,891396.96,292346.88,599050.08
Europe,Malta,"Office Supplies",Offline,H,3/18/2011,828634631,3/22/2011,256,651.21,524.96,166709.76,134389.76,32320.00
"Central America and the Caribbean","Dominican Republic",Snacks,Online,L,1/15/2015,175902974,2/3/2015,2454,152.58,97.44,374431.32,239117.76,135313.56
Asia,Kyrgyzstan,Cereal,Online,L,1/28/2015,214829337,2/26/2015,1630,205.70,117.11,335291.00,190889.30,144401.70
"Middle East and North Africa",Yemen,Cereal,Online,M,9/24/2013,534525048,10/22/2013,6695,205.70,117.11,1377161.50,784051.45,593110.05
Asia,Indonesia,Clothes,Offline,L,9/13/2010,794413936,10/29/2010,3592,109.28,35.84,392533.76,128737.28,263796.48
Asia,Maldives,Clothes,Online,H,4/25/2014,274232327,5/25/2014,295,109.28,35.84,32237.60,10572.80,21664.80
Europe,Switzerland,Snacks,Offline,C,1/15/2015,124029052,1/26/2015,1807,152.58,97.44,275712.06,176074.08,99637.98
Europe,"Czech Republic","Personal Care",Offline,C,12/21/2011,214165437,1/29/2012,5167,81.73,56.67,422298.91,292813.89,129485.02
"Sub-Saharan Africa",Zimbabwe,Household,Online,M,8/22/2016,485315310,10/7/2016,4440,668.27,502.54,2967118.80,2231277.60,735841.20
"Central America and the Caribbean","The Bahamas","Office Supplies",Online,L,5/6/2011,498465001,6/6/2011,5726,651.21,524.96,3728828.46,3005920.96,722907.50
"Australia and Oceania","East Timor",Fruits,Online,M,7/11/2013,784913337,8/11/2013,2154,9.33,6.92,20096.82,14905.68,5191.14
"Central America and the Caribbean",Cuba,"Office Supplies",Online,L,5/26/2011,596271646,7/11/2011,8885,651.21,524.96,5786000.85,4664269.60,1121731.25
Europe,Russia,Vegetables,Online,C,3/5/2013,154463756,3/17/2013,8113,154.06,90.93,1249888.78,737715.09,512173.69
Europe,Netherlands,"Baby Food",Offline,C,12/27/2012,201725995,1/29/2013,4060,255.28,159.42,1036436.80,647245.20,389191.60
"Sub-Saharan Africa","Cote d'Ivoire",Meat,Online,L,5/25/2017,650607192,7/10/2017,7981,421.89,364.69,3367104.09,2910590.89,456513.20
Europe,Netherlands,Beverages,Online,C,4/20/2011,133968675,4/25/2011,3163,47.45,31.79,150084.35,100551.77,49532.58
Asia,Taiwan,Cereal,Offline,L,9/28/2014,954984271,9/30/2014,9923,205.70,117.11,2041161.10,1162082.53,879078.57
Asia,Uzbekistan,Clothes,Online,C,12/20/2010,537140309,1/30/2011,609,109.28,35.84,66551.52,21826.56,44724.96
Europe,Bulgaria,Beverages,Online,M,10/19/2010,874235618,11/1/2010,4602,47.45,31.79,218364.90,146297.58,72067.32
Europe,Cyprus,Cereal,Offline,M,12/19/2010,880381524,1/15/2011,3312,205.70,117.11,681278.40,387868.32,293410.08
"Middle East and North Africa",Syria,"Baby Food",Offline,H,1/20/2013,440001857,2/13/2013,5182,255.28,159.42,1322860.96,826114.44,496746.52
Asia,Kazakhstan,"Baby Food",Online,C,2/23/2012,857832944,3/8/2012,686,255.28,159.42,175122.08,109362.12,65759.96
Asia,Myanmar,Household,Offline,C,9/28/2015,808923614,11/9/2015,7328,668.27,502.54,4897082.56,3682613.12,1214469.44
"Central America and the Caribbean",Haiti,Vegetables,Online,M,4/5/2017,388635194,4/21/2017,4645,154.06,90.93,715608.70,422369.85,293238.85
"Middle East and North Africa",Yemen,Vegetables,Offline,H,12/24/2014,662641513,1/29/2015,9204,154.06,90.93,1417968.24,836919.72,581048.52
"Central America and the Caribbean","Costa Rica",Clothes,Online,H,10/23/2015,516928899,11/2/2015,9603,109.28,35.84,1049415.84,344171.52,705244.32
Europe,Portugal,Beverages,Offline,C,5/13/2016,707796180,6/21/2016,1473,47.45,31.79,69893.85,46826.67,23067.18
"Sub-Saharan Africa",Djibouti,Clothes,Offline,H,4/30/2014,711854684,6/2/2014,2475,109.28,35.84,270468.00,88704.00,181764.00
"Central America and the Caribbean","Dominican Republic",Vegetables,Offline,C,3/26/2012,976028239,5/10/2012,7300,154.06,90.93,1124638.00,663789.00,460849.00
Asia,Turkmenistan,"Office Supplies",Online,H,9/4/2013,667553174,10/11/2013,2674,651.21,524.96,1741335.54,1403743.04,337592.50
"Sub-Saharan Africa",Nigeria,Beverages,Offline,M,12/17/2011,823978316,12/28/2011,2349,47.45,31.79,111460.05,74674.71,36785.34
Asia,Mongolia,"Personal Care",Offline,H,8/8/2016,303164994,9/11/2016,2114,81.73,56.67,172777.22,119800.38,52976.84
"Central America and the Caribbean",Jamaica,Cosmetics,Offline,H,9/4/2011,733287036,9/12/2011,4784,437.20,263.33,2091564.80,1259770.72,831794.08
Asia,Thailand,Cereal,Online,H,8/10/2012,662830770,8/11/2012,5209,205.70,117.11,1071491.30,610025.99,461465.31
"Central America and the Caribbean",Nicaragua,"Baby Food",Offline,L,12/19/2016,510595023,1/6/2017,5269,255.28,159.42,1345070.32,839983.98,505086.34
Asia,Laos,Cosmetics,Online,L,10/21/2015,315691125,11/17/2015,8874,437.20,263.33,3879712.80,2336790.42,1542922.38
"Sub-Saharan Africa",Guinea,Cosmetics,Online,H,8/7/2012,187542903,9/12/2012,6967,437.20,263.33,3045972.40,1834620.11,1211352.29
"Australia and Oceania","New Zealand","Baby Food",Online,M,11/25/2011,755886685,12/7/2011,2523,255.28,159.42,644071.44,402216.66,241854.78
"Middle East and North Africa",Qatar,Cosmetics,Online,L,7/11/2015,920771300,7/28/2015,5544,437.20,263.33,2423836.80,1459901.52,963935.28
Asia,Nepal,"Personal Care",Online,C,3/22/2011,102558076,4/12/2011,8069,81.73,56.67,659479.37,457270.23,202209.14
Europe,Monaco,"Office Supplies",Offline,C,4/18/2014,491920840,5/21/2014,9163,651.21,524.96,5967037.23,4810208.48,1156828.75
Asia,Indonesia,Meat,Online,L,11/2/2010,299845921,11/30/2010,9926,421.89,364.69,4187680.14,3619912.94,567767.20
Asia,Kyrgyzstan,Snacks,Offline,M,7/2/2014,507632148,7/18/2014,8488,152.58,97.44,1295099.04,827070.72,468028.32
"Central America and the Caribbean","Costa Rica",Cereal,Online,C,4/15/2017,816890847,5/7/2017,5010,205.70,117.11,1030557.00,586721.10,443835.90
Asia,India,Cosmetics,Online,H,1/19/2016,999545848,1/28/2016,6683,437.20,263.33,2921807.60,1759834.39,1161973.21
"Sub-Saharan Africa",Ghana,"Personal Care",Offline,H,4/13/2016,447833478,4/17/2016,2733,81.73,56.67,223368.09,154879.11,68488.98
Europe,Ukraine,Cereal,Online,C,3/7/2013,424302566,3/29/2013,9413,205.70,117.11,1936254.10,1102356.43,833897.67
"Sub-Saharan Africa",Uganda,Beverages,Online,H,7/30/2010,911814439,9/7/2010,5010,47.45,31.79,237724.50,159267.90,78456.60
"Australia and Oceania",Nauru,Clothes,Online,M,2/27/2017,163542926,3/21/2017,4841,109.28,35.84,529024.48,173501.44,355523.04
"Central America and the Caribbean","Antigua and Barbuda ",Household,Online,L,5/20/2012,552974355,5/21/2012,6255,668.27,502.54,4180028.85,3143387.70,1036641.15
Asia,Bhutan,Cosmetics,Online,H,11/9/2010,923907554,12/23/2010,3631,437.20,263.33,1587473.20,956151.23,631321.97
Europe,Sweden,Vegetables,Online,M,2/5/2013,640453851,3/7/2013,3382,154.06,90.93,521030.92,307525.26,213505.66
"Central America and the Caribbean",Haiti,Fruits,Online,L,11/27/2016,937037074,12/27/2016,8948,9.33,6.92,83484.84,61920.16,21564.68
"Sub-Saharan Africa",Mali,Beverages,Online,M,7/29/2013,868393552,8/23/2013,5804,47.45,31.79,275399.80,184509.16,90890.64
"Australia and Oceania","Marshall Islands","Office Supplies",Online,H,5/24/2014,459572112,7/1/2014,6456,651.21,524.96,4204211.76,3389141.76,815070.00
"Sub-Saharan Africa",Guinea,"Office Supplies",Offline,H,7/26/2016,255934083,7/27/2016,5437,651.21,524.96,3540628.77,2854207.52,686421.25
Europe,Macedonia,Beverages,Online,M,8/2/2014,873153293,9/10/2014,4318,47.45,31.79,204889.10,137269.22,67619.88
"Australia and Oceania",Fiji,Meat,Online,M,7/29/2011,747216069,9/2/2011,6695,421.89,364.69,2824553.55,2441599.55,382954.00
"Sub-Saharan Africa","Cote d'Ivoire",Beverages,Online,H,7/4/2015,184421241,7/18/2015,3198,47.45,31.79,151745.10,101664.42,50080.68
Asia,Singapore,Meat,Online,C,9/14/2012,911380136,9/27/2012,6490,421.89,364.69,2738066.10,2366838.10,371228.00
"Sub-Saharan Africa",Kenya,"Baby Food",Offline,H,1/22/2017,225016582,1/30/2017,6262,255.28,159.42,1598563.36,998288.04,600275.32
Europe,Estonia,Household,Offline,M,3/29/2013,442566907,5/5/2013,4237,668.27,502.54,2831459.99,2129261.98,702198.01
"Sub-Saharan Africa","The Gambia",Beverages,Offline,C,6/25/2013,351579940,7/23/2013,9172,47.45,31.79,435211.40,291577.88,143633.52
"Australia and Oceania","East Timor",Snacks,Online,H,12/10/2015,159917008,12/31/2015,1851,152.58,97.44,282425.58,180361.44,102064.14
Asia,Nepal,Clothes,Online,C,1/17/2016,145751941,3/2/2016,93,109.28,35.84,10163.04,3333.12,6829.92
Europe,Malta,Household,Offline,H,4/19/2010,207571065,5/30/2010,3746,668.27,502.54,2503339.42,1882514.84,620824.58
Europe,Poland,Household,Online,L,3/11/2015,314173209,4/20/2015,9689,668.27,502.54,6474868.03,4869110.06,1605757.97
"Central America and the Caribbean",Nicaragua,Meat,Online,M,6/3/2010,954669702,7/7/2010,6834,421.89,364.69,2883196.26,2492291.46,390904.80
"Sub-Saharan Africa",Guinea-Bissau,Vegetables,Online,M,10/31/2010,888484370,11/6/2010,1124,154.06,90.93,173163.44,102205.32,70958.12
"Central America and the Caribbean",Grenada,Household,Online,C,3/5/2017,295353543,3/7/2017,532,668.27,502.54,355519.64,267351.28,88168.36
"Middle East and North Africa",Oman,Vegetables,Online,M,5/5/2012,325326049,5/9/2012,62,154.06,90.93,9551.72,5637.66,3914.06
"Central America and the Caribbean",Nicaragua,Snacks,Online,M,8/2/2010,848763215,8/11/2010,6752,152.58,97.44,1030220.16,657914.88,372305.28
"Middle East and North Africa",Pakistan,Beverages,Offline,C,11/8/2015,906338870,11/10/2015,4667,47.45,31.79,221449.15,148363.93,73085.22
Europe,Albania,Snacks,Offline,H,6/12/2010,959039342,7/13/2010,9908,152.58,97.44,1511762.64,965435.52,546327.12
Europe,Poland,Cosmetics,Online,C,10/22/2011,638163459,11/23/2011,5604,437.20,263.33,2450068.80,1475701.32,974367.48
Europe,Denmark,"Baby Food",Online,H,9/21/2015,995322549,9/26/2015,6915,255.28,159.42,1765261.20,1102389.30,662871.90
"Sub-Saharan Africa",Rwanda,Snacks,Offline,M,4/5/2015,452440440,5/14/2015,6035,152.58,97.44,920820.30,588050.40,332769.90
"Sub-Saharan Africa","Sao Tome and Principe","Personal Care",Offline,L,2/14/2012,651753461,3/19/2012,7187,81.73,56.67,587393.51,407287.29,180106.22
"Central America and the Caribbean",Belize,"Office Supplies",Offline,L,11/13/2012,605810439,12/13/2012,1626,651.21,524.96,1058867.46,853584.96,205282.50
