Region,Country,"Item Type","Sales Channel","Order Priority","Order Date","Order ID","Ship Date","Units Sold","Unit Price","Unit Cost","Total Revenue","Total Cost","Total Profit"
"Sub-Saharan Africa",Benin,"Baby Food",Offline,H,1/4/2014,243207108,1/12/2014,9243,255.28,159.42,2359553.04,1473519.06,886033.98
Asia,Cambodia,Beverages,Offline,M,1/16/2011,874598681,3/6/2011,2040,47.45,31.79,96798.00,64851.60,31946.40
Europe,"San Marino",Clothes,Offline,L,5/2/2011,133536946,5/5/2011,5405,109.28,35.84,590658.40,193715.20,396943.20
Asia,Philippines,"Baby Food",Online,C,6/11/2012,238820731,7/9/2012,1216,255.28,159.42,310420.48,193854.72,116565.76
"Sub-Saharan Africa",Mauritania,"Baby Food",Offline,L,1/1/2013,329561364,2/9/2013,3386,255.28,159.42,864378.08,539796.12,324581.96
"Australia and Oceania","Federated States of Micronesia",Fruits,Online,M,6/29/2016,515182673,8/13/2016,2856,9.33,6.92,26646.48,19763.52,6882.96
"Sub-Saharan Africa","Democratic Republic of the Congo",Beverages,Offline,L,4/23/2012,525420987,5/8/2012,2601,47.45,31.79,123417.45,82685.79,40731.66
"Sub-Saharan Africa","Equatorial Guinea",Vegetables,Online,C,6/3/2017,160325133,6/11/2017,2625,154.06,90.93,404407.50,238691.25,165716.25
Europe,Sweden,"Office Supplies",Offline,C,12/31/2011,640256440,2/15/2012,4963,651.21,524.96,3231955.23,2605376.48,626578.75
"Sub-Saharan Africa",Togo,"Office Supplies",Offline,M,5/10/2011,555888736,6/16/2011,8685,651.21,524.96,5655758.85,4559277.60,1096481.25
"Sub-Saharan Africa",Comoros,Cereal,Online,M,9/19/2016,818208348,9/24/2016,4888,205.70,117.11,1005461.60,572433.68,433027.92
Asia,Singapore,Meat,Offline,H,6/16/2011,608514106,6/29/2011,1701,421.89,364.69,717634.89,620337.69,97297.20
Asia,Vietnam,"Office Supplies",Offline,M,4/15/2010,528417336,5/19/2010,9287,651.21,524.96,6047787.27,4875303.52,1172483.75
Europe,Andorra,Meat,Online,L,1/24/2010,349841868,2/25/2010,4838,421.89,364.69,2041103.82,1764370.22,276733.60
"Sub-Saharan Africa","Sao Tome and Principe",Meat,Online,L,4/12/2016,365024030,5/15/2016,7577,421.89,364.69,3196660.53,2763256.13,433404.40
"Central America and the Caribbean","El Salvador",Beverages,Online,L,7/22/2016,936512649,7/22/2016,3759,47.45,31.79,178364.55,119498.61,58865.94
Asia,Uzbekistan,Fruits,Offline,H,9/23/2014,247169053,10/7/2014,1670,9.33,6.92,15581.10,11556.40,4024.70
Europe,Serbia,Beverages,Offline,H,11/29/2011,150167071,1/7/2012,6628,47.45,31.79,314498.60,210704.12,103794.48
"North America","United States of America",Fruits,Offline,L,4/12/2010,318993031,4/16/2010,5982,9.33,6.92,55812.06,41395.44,14416.62
"Central America and the Caribbean",Jamaica,Household,Offline,M,11/12/2016,497445762,12/11/2016,4110,668.27,502.54,2746589.70,2065439.40,681150.30
"Sub-Saharan Africa",Swaziland,Cereal,Online,C,1/16/2017,949636590,2/28/2017,7425,205.70,117.11,1527322.50,869541.75,657780.75
"Australia and Oceania",Fiji,Snacks,Offline,C,3/8/2016,209989345,3/23/2016,9368,152.58,97.44,1429369.44,912817.92,516551.52
"Middle East and North Africa",Morocco,Clothes,Online,M,2/26/2013,933240354,3/27/2013,5414,109.28,35.84,591641.92,194037.76,397604.16
"Central America and the Caribbean","Dominican Republic",Beverages,Offline,L,9/4/2011,444438445,9/8/2011,8067,47.45,31.79,382779.15,256449.93,126329.22
"Sub-Saharan Africa",Mauritania,Cosmetics,Offline,C,7/8/2016,188944947,8/4/2016,1864,437.20,263.33,814940.80,490847.12,324093.68
Asia,China,Vegetables,Online,H,8/9/2014,782433688,8/27/2014,8371,154.06,90.93,1289636.26,761175.03,528461.23
"Middle East and North Africa","Tunisia ","Baby Food",Offline,L,8/17/2016,660890996,8/30/2016,1187,255.28,159.42,303017.36,189231.54,113785.82
"Sub-Saharan Africa",Zambia,"Baby Food",Online,H,6/3/2015,130615699,7/10/2015,943,255.28,159.42,240729.04,150333.06,90395.98
Europe,Croatia,Clothes,Offline,H,6/12/2012,918219125,7/8/2012,299,109.28,35.84,32674.72,10716.16,21958.56
"Middle East and North Africa",Egypt,Clothes,Offline,L,1/12/2014,320625102,1/18/2014,8948,109.28,35.84,977837.44,320696.32,657141.12
Asia,Kyrgyzstan,"Office Supplies",Offline,C,5/29/2012,655069959,6/14/2012,8613,651.21,524.96,5608871.73,4521480.48,1087391.25
"Australia and Oceania","Solomon Islands",Cosmetics,Online,C,3/30/2012,709102523,5/2/2012,8049,437.20,263.33,3519022.80,2119543.17,1399479.63
"Sub-Saharan Africa",Liberia,"Baby Food",Offline,L,9/10/2011,690584123,10/27/2011,8043,255.28,159.42,2053217.04,1282215.06,771001.98
"Sub-Saharan Africa",Guinea,Vegetables,Offline,L,10/3/2013,877688586,11/9/2013,6412,154.06,90.93,987832.72,583043.16,404789.56
Asia,"South Korea",Cosmetics,Online,C,12/8/2014,268902242,1/22/2015,3004,437.20,263.33,1313348.80,791043.32,522305.48
"Middle East and North Africa",Morocco,Meat,Online,H,8/1/2016,633023917,8/1/2016,4699,421.89,364.69,1982461.11,1713678.31,268782.80
"Sub-Saharan Africa",Angola,Cosmetics,Online,L,7/16/2013,659164941,9/2/2013,409,437.20,263.33,178814.80,107701.97,71112.83
"Middle East and North Africa",Qatar,Fruits,Offline,C,1/25/2013,906749141,2/12/2013,6076,9.33,6.92,56689.08,42045.92,14643.16
"Central America and the Caribbean","Saint Lucia",Vegetables,Online,L,12/5/2015,655512845,12/11/2015,9673,154.06,90.93,1490222.38,879565.89,610656.49
Asia,Bhutan,Fruits,Offline,C,8/1/2012,155504882,9/17/2012,6205,9.33,6.92,57892.65,42938.60,14954.05
Europe,Cyprus,Meat,Online,L,4/13/2017,177086579,5/19/2017,2709,421.89,364.69,1142900.01,987945.21,154954.80
"Australia and Oceania",Palau,Clothes,Online,C,4/4/2011,660931766,4/11/2011,3252,109.28,35.84,355378.56,116551.68,238826.88
"Middle East and North Africa",Qatar,Vegetables,Offline,H,9/3/2014,268026769,9/13/2014,3932,154.06,90.93,605763.92,357536.76,248227.16
"Sub-Saharan Africa",Kenya,Clothes,Offline,H,9/5/2014,429670417,10/6/2014,7879,109.28,35.84,861017.12,282383.36,578633.76
"Middle East and North Africa",Iran,Cosmetics,Online,M,8/21/2014,397474038,9/9/2014,255,437.20,263.33,111486.00,67149.15,44336.85
Europe,Iceland,"Baby Food",Online,H,3/10/2015,393361461,3/23/2015,3252,255.28,159.42,830170.56,518433.84,311736.72
"Middle East and North Africa",Morocco,Fruits,Online,L,6/18/2010,259569013,7/1/2010,1094,9.33,6.92,10207.02,7570.48,2636.54
"Australia and Oceania",Fiji,Cereal,Online,C,8/3/2014,808645522,8/13/2014,5035,205.70,117.11,1035699.50,589648.85,446050.65
"Central America and the Caribbean","Saint Kitts and Nevis ","Office Supplies",Offline,H,6/20/2012,673452317,6/26/2012,8361,651.21,524.96,5444766.81,4389190.56,1055576.25
"Sub-Saharan Africa","Sierra Leone",Fruits,Online,H,7/29/2016,357163226,9/10/2016,1390,9.33,6.92,12968.70,9618.80,3349.90
Asia,Bhutan,Vegetables,Offline,H,2/26/2010,883264577,3/22/2010,6471,154.06,90.93,996922.26,588408.03,408514.23
"Sub-Saharan Africa","Sierra Leone",Meat,Offline,H,8/7/2011,645555198,9/19/2011,2984,421.89,364.69,1258919.76,1088234.96,170684.80
Asia,Tajikistan,"Office Supplies",Online,L,1/24/2010,358146417,1/28/2010,2338,651.21,524.96,1522528.98,1227356.48,295172.50
"Sub-Saharan Africa","Sao Tome and Principe",Clothes,Online,M,9/17/2014,805462062,9/20/2014,2978,109.28,35.84,325435.84,106731.52,218704.32
Asia,Cambodia,Snacks,Offline,M,1/18/2013,592238461,3/8/2013,5376,152.58,97.44,820270.08,523837.44,296432.64
"Australia and Oceania",Tuvalu,Vegetables,Online,H,7/29/2012,193524444,9/2/2012,7038,154.06,90.93,1084274.28,639965.34,444308.94
Asia,Brunei,"Office Supplies",Online,M,4/15/2014,604681336,5/6/2014,7500,651.21,524.96,4884075.00,3937200.00,946875.00
"Sub-Saharan Africa","Cote d'Ivoire","Personal Care",Offline,L,6/16/2016,191382968,6/20/2016,3328,81.73,56.67,271997.44,188597.76,83399.68
"Central America and the Caribbean","Saint Vincent and the Grenadines",Beverages,Offline,L,11/8/2010,539615666,12/25/2010,3122,47.45,31.79,148138.90,99248.38,48890.52
"Sub-Saharan Africa","Republic of the Congo",Household,Offline,L,10/22/2016,605678260,12/7/2016,2511,668.27,502.54,1678025.97,1261877.94,416148.03
"Sub-Saharan Africa",Djibouti,Household,Online,L,11/9/2016,766182076,11/23/2016,9158,668.27,502.54,6120016.66,4602261.32,1517755.34
"Sub-Saharan Africa",Togo,Cosmetics,Online,H,7/14/2013,568050944,7/17/2013,7753,437.20,263.33,3389611.60,2041597.49,1348014.11
Europe,Bulgaria,Snacks,Online,H,6/9/2010,978521192,7/4/2010,5020,152.58,97.44,765951.60,489148.80,276802.80
Europe,Netherlands,Clothes,Offline,L,1/6/2016,335141646,2/8/2016,4716,109.28,35.84,515364.48,169021.44,346343.04
"Sub-Saharan Africa",Burundi,Vegetables,Offline,L,1/23/2017,195773637,3/7/2017,2625,154.06,90.93,404407.50,238691.25,165716.25
"Sub-Saharan Africa",Lesotho,"Personal Care",Offline,M,10/19/2012,388590991,10/25/2012,1564,81.73,56.67,127825.72,88631.88,39193.84
Europe,Liechtenstein,Snacks,Online,M,2/1/2011,362080037,3/15/2011,6384,152.58,97.44,974070.72,622056.96,352013.76
"Central America and the Caribbean",Dominica,Clothes,Offline,M,1/20/2017,535039603,1/24/2017,8963,109.28,35.84,979476.64,321233.92,658242.72
Europe,Albania,Clothes,Offline,C,3/11/2014,946581017,3/24/2014,3213,109.28,35.84,351116.64,115153.92,235962.72
"Sub-Saharan Africa",Kenya,Cereal,Offline,M,7/19/2013,806128108,8/11/2013,76,205.70,117.11,15633.20,8900.36,6732.84
Europe,Estonia,Cereal,Online,C,2/3/2012,743417203,2/8/2012,2526,205.70,117.11,519598.20,295819.86,223778.34
"North America",Mexico,Cereal,Offline,C,8/26/2011,558497130,9/13/2011,567,205.70,117.11,116631.90,66401.37,50230.53
"Sub-Saharan Africa",Togo,Beverages,Online,C,2/10/2015,571729218,3/15/2015,6236,47.45,31.79,295898.20,198242.44,97655.76
Europe,Belgium,Beverages,Online,H,1/24/2015,273787295,2/3/2015,8600,47.45,31.79,408070.00,273394.00,134676.00
Europe,Ukraine,Snacks,Online,M,9/29/2012,575657689,10/21/2012,8757,152.58,97.44,1336143.06,853282.08,482860.98
"Sub-Saharan Africa","Democratic Republic of the Congo",Clothes,Online,H,3/27/2014,658639228,4/27/2014,4839,109.28,35.84,528805.92,173429.76,355376.16
"Australia and Oceania","Solomon Islands",Fruits,Offline,M,7/14/2011,224343240,7/25/2011,7005,9.33,6.92,65356.65,48474.60,16882.05
"Sub-Saharan Africa",Eritrea,Fruits,Online,L,8/23/2016,844693553,9/18/2016,2448,9.33,6.92,22839.84,16940.16,5899.68
Europe,France,Vegetables,Offline,C,5/2/2012,111926496,5/3/2012,392,154.06,90.93,60391.52,35644.56,24746.96
"North America",Canada,Cereal,Offline,H,7/10/2016,188590896,7/11/2016,7092,205.70,117.11,1458824.40,830544.12,628280.28
"Sub-Saharan Africa",Zimbabwe,Beverages,Online,L,4/29/2010,157548081,5/4/2010,833,47.45,31.79,39525.85,26481.07,13044.78
Europe,Ukraine,Vegetables,Offline,C,7/28/2017,971971881,8/25/2017,6934,154.06,90.93,1068252.04,630508.62,437743.42
"Middle East and North Africa",Somalia,Household,Offline,C,2/25/2010,505348622,4/16/2010,2742,668.27,502.54,1832396.34,1377964.68,454431.66
Europe,Iceland,Fruits,Online,C,3/28/2010,301477134,5/5/2010,2638,9.33,6.92,24612.54,18254.96,6357.58
Asia,Taiwan,Cereal,Online,L,10/11/2010,624468743,11/3/2010,3033,205.70,117.11,623888.10,355194.63,268693.47
Asia,India,"Office Supplies",Offline,C,2/22/2017,908747279,3/19/2017,7369,651.21,524.96,4798766.49,3868430.24,930336.25
"Central America and the Caribbean","Dominican Republic",Fruits,Offline,C,1/21/2013,209049069,2/16/2013,1120,9.33,6.92,10449.60,7750.40,2699.20
"Sub-Saharan Africa",Angola,Meat,Online,M,5/19/2017,350422942,7/5/2017,6791,421.89,364.69,2865054.99,2476609.79,388445.20
"Australia and Oceania","Solomon Islands","Baby Food",Online,H,3/5/2012,978230226,3/27/2012,8917,255.28,159.42,2276331.76,1421548.14,854783.62
"Sub-Saharan Africa",Cameroon,Household,Online,C,8/24/2014,908144748,9/17/2014,9067,668.27,502.54,6059204.09,4556530.18,1502673.91
"Sub-Saharan Africa","Mauritius ",Cereal,Online,C,10/9/2012,376152837,11/16/2012,838,205.70,117.11,172376.60,98138.18,74238.42
"Sub-Saharan Africa",Liberia,"Baby Food",Online,C,7/13/2014,588553321,8/19/2014,4861,255.28,159.42,1240916.08,774940.62,465975.46
"Australia and Oceania",Australia,Beverages,Online,L,10/24/2013,571957528,11/3/2013,3798,47.45,31.79,180215.10,120738.42,59476.68
"Sub-Saharan Africa",Togo,Vegetables,Online,L,12/10/2016,323289287,1/11/2017,7339,154.06,90.93,1130646.34,667335.27,463311.07
Europe,"Czech Republic","Personal Care",Online,M,2/27/2016,359784924,4/9/2016,7209,81.73,56.67,589191.57,408534.03,180657.54
"Middle East and North Africa",Iraq,Cereal,Online,H,2/12/2016,368993270,2/28/2016,2163,205.70,117.11,444929.10,253308.93,191620.17
Europe,Estonia,"Baby Food",Offline,L,12/24/2014,558775651,2/8/2015,2987,255.28,159.42,762521.36,476187.54,286333.82
Asia,Laos,"Personal Care",Online,H,10/1/2015,307305896,10/9/2015,7498,81.73,56.67,612811.54,424911.66,187899.88
Europe,Ukraine,Snacks,Online,H,12/5/2014,413070333,1/21/2015,5546,152.58,97.44,846208.68,540402.24,305806.44
"Middle East and North Africa",Qatar,Beverages,Offline,M,11/10/2013,844867789,12/22/2013,4009,47.45,31.79,190227.05,127446.11,62780.94
