Region,Country,"Item Type","Sales Channel","Order Priority","Order Date","Order ID","Ship Date","Units Sold","Unit Price","Unit Cost","Total Revenue","Total Cost","Total Profit"
"Middle East and North Africa",Jordan,Meat,Offline,H,9/16/2011,932518517,10/1/2011,1807,421.89,364.69,762355.23,658994.83,103360.40
"Middle East and North Africa",Lebanon,Vegetables,Offline,H,11/6/2014,342065608,11/6/2014,3670,154.06,90.93,565400.20,333713.10,231687.10
"Middle East and North Africa",Turkey,Snacks,Offline,C,3/7/2017,729354703,3/14/2017,1119,152.58,97.44,170737.02,109035.36,61701.66
"Australia and Oceania",Palau,Vegetables,Offline,L,12/13/2012,994434630,1/28/2013,4161,154.06,90.93,641043.66,378359.73,262683.93
"Sub-Saharan Africa",Mozambique,Household,Offline,C,8/16/2012,557666718,9/21/2012,4829,668.27,502.54,3227075.83,2426765.66,800310.17
"Sub-Saharan Africa","Democratic Republic of the Congo",Cosmetics,Online,C,5/13/2016,709724795,6/20/2016,2193,437.20,263.33,958779.60,577482.69,381296.91
Europe,Monaco,"Personal Care",Offline,M,4/5/2010,561595189,4/30/2010,7351,81.73,56.67,600797.23,416581.17,184216.06
Asia,Vietnam,"Baby Food",Online,L,7/15/2015,194576728,7/23/2015,8433,255.28,159.42,2152776.24,1344388.86,808387.38
"Sub-Saharan Africa",Uganda,"Baby Food",Offline,L,8/15/2016,210280740,8/29/2016,5599,255.28,159.42,1429312.72,892592.58,536720.14
"Middle East and North Africa",Bahrain,Meat,Online,M,5/16/2010,380631053,5/19/2010,6042,421.89,364.69,2549059.38,2203456.98,345602.40
"Middle East and North Africa",Yemen,Cereal,Offline,H,6/3/2017,997863996,6/6/2017,8986,205.70,117.11,1848420.20,1052350.46,796069.74
"Australia and Oceania",Nauru,Vegetables,Offline,L,4/2/2010,624528396,5/1/2010,686,154.06,90.93,105685.16,62377.98,43307.18
"Sub-Saharan Africa",Nigeria,Household,Online,C,6/1/2015,143485581,6/8/2015,9427,668.27,502.54,6299781.29,4737444.58,1562336.71
"Australia and Oceania",Kiribati,Household,Offline,M,4/21/2011,507909381,4/26/2011,528,668.27,502.54,352846.56,265341.12,87505.44
"Middle East and North Africa",Azerbaijan,"Office Supplies",Online,C,3/29/2015,491286122,3/31/2015,1336,651.21,524.96,870016.56,701346.56,168670.00
"Sub-Saharan Africa",Madagascar,Meat,Online,M,7/16/2011,737414634,7/31/2011,6232,421.89,364.69,2629218.48,2272748.08,356470.40
Asia,Indonesia,Snacks,Offline,L,11/12/2015,610406243,12/7/2015,1627,152.58,97.44,248247.66,158534.88,89712.78
Europe,Norway,Household,Online,L,11/15/2010,444684779,11/17/2010,963,668.27,502.54,643544.01,483946.02,159597.99
Europe,Ukraine,"Baby Food",Online,C,7/29/2010,194986569,8/26/2010,9714,255.28,159.42,2479789.92,1548605.88,931184.04
Asia,Mongolia,Clothes,Online,H,2/10/2011,786360442,3/6/2011,384,109.28,35.84,41963.52,13762.56,28200.96
"Sub-Saharan Africa",Togo,Clothes,Online,M,4/6/2017,964167726,4/30/2017,7511,109.28,35.84,820802.08,269194.24,551607.84
Asia,"Sri Lanka",Beverages,Online,M,12/13/2015,444082248,12/13/2015,2660,47.45,31.79,126217.00,84561.40,41655.60
"Sub-Saharan Africa",Eritrea,Snacks,Online,H,4/15/2010,362090337,5/25/2010,9432,152.58,97.44,1439134.56,919054.08,520080.48
"Middle East and North Africa",Morocco,Vegetables,Online,M,10/31/2015,124490821,11/14/2015,8455,154.06,90.93,1302577.30,768813.15,533764.15
"Sub-Saharan Africa",Nigeria,Household,Online,L,4/30/2011,557895028,5/12/2011,2391,668.27,502.54,1597833.57,1201573.14,396260.43
Europe,Cyprus,"Personal Care",Online,H,9/2/2010,759226787,9/11/2010,933,81.73,56.67,76254.09,52873.11,23380.98
"Middle East and North Africa",Syria,Vegetables,Offline,L,9/2/2013,345722424,10/16/2013,5803,154.06,90.93,894010.18,527666.79,366343.39
"Central America and the Caribbean",Grenada,Vegetables,Online,C,6/2/2017,804930770,7/16/2017,5757,154.06,90.93,886923.42,523484.01,363439.41
"Middle East and North Africa","United Arab Emirates",Clothes,Online,C,6/29/2012,544713151,8/16/2012,1581,109.28,35.84,172771.68,56663.04,116108.64
Europe,Slovakia,Snacks,Online,C,1/19/2017,743243396,2/24/2017,1092,152.58,97.44,166617.36,106404.48,60212.88
Europe,Monaco,"Personal Care",Offline,M,6/10/2012,399007833,7/30/2012,4139,81.73,56.67,338280.47,234557.13,103723.34
"Central America and the Caribbean","Saint Vincent and the Grenadines",Cosmetics,Online,H,2/28/2015,380805289,3/19/2015,7602,437.20,263.33,3323594.40,2001834.66,1321759.74
"Central America and the Caribbean",Belize,Fruits,Online,L,6/24/2012,277747094,8/1/2012,392,9.33,6.92,3657.36,2712.64,944.72
Asia,Cambodia,"Baby Food",Online,M,8/29/2011,649257075,10/6/2011,8451,255.28,159.42,2157371.28,1347258.42,810112.86
"Sub-Saharan Africa","Republic of the Congo",Beverages,Offline,M,6/18/2013,775071561,7/1/2013,9754,47.45,31.79,462827.30,310079.66,152747.64
"Sub-Saharan Africa",Ghana,Beverages,Offline,M,12/4/2015,905239379,1/22/2016,9304,47.45,31.79,441474.80,295774.16,145700.64
"Middle East and North Africa",Egypt,"Office Supplies",Offline,M,7/28/2010,910121858,9/6/2010,4137,651.21,524.96,2694055.77,2171759.52,522296.25
Europe,Cyprus,Cosmetics,Online,H,7/3/2016,730392825,7/25/2016,8323,437.20,263.33,3638815.60,2191695.59,1447120.01
Europe,Slovakia,"Office Supplies",Online,C,1/9/2016,827038609,2/22/2016,7958,651.21,524.96,5182329.18,4177631.68,1004697.50
Europe,Georgia,Snacks,Offline,M,6/4/2011,831358039,7/15/2011,6173,152.58,97.44,941876.34,601497.12,340379.22
Europe,Russia,"Office Supplies",Online,H,8/21/2013,894962441,9/3/2013,8129,651.21,524.96,5293686.09,4267399.84,1026286.25
"Sub-Saharan Africa",Madagascar,"Personal Care",Offline,L,9/25/2015,339775645,11/13/2015,6019,81.73,56.67,491932.87,341096.73,150836.14
"Middle East and North Africa",Bahrain,"Office Supplies",Offline,L,11/4/2011,808033978,12/23/2011,4065,651.21,524.96,2647168.65,2133962.40,513206.25
"Sub-Saharan Africa","Mauritius ",Cereal,Offline,L,2/4/2016,412286269,2/6/2016,3524,205.70,117.11,724886.80,412695.64,312191.16
"Sub-Saharan Africa","South Sudan","Office Supplies",Offline,L,5/22/2013,485393846,6/5/2013,7680,651.21,524.96,5001292.80,4031692.80,969600.00
"Sub-Saharan Africa","Sao Tome and Principe","Personal Care",Offline,H,3/15/2016,630530536,4/8/2016,6852,81.73,56.67,560013.96,388302.84,171711.12
"Middle East and North Africa",Algeria,Cereal,Online,C,5/9/2015,971182668,6/14/2015,3388,205.70,117.11,696911.60,396768.68,300142.92
"Central America and the Caribbean",Belize,"Baby Food",Online,C,1/30/2014,801149070,3/14/2014,6668,255.28,159.42,1702207.04,1063012.56,639194.48
"Sub-Saharan Africa",Madagascar,Clothes,Online,H,9/11/2016,834541070,9/12/2016,8103,109.28,35.84,885495.84,290411.52,595084.32
"Sub-Saharan Africa",Togo,Fruits,Offline,C,3/17/2017,955782496,3/22/2017,6135,9.33,6.92,57239.55,42454.20,14785.35
"Sub-Saharan Africa",Senegal,Household,Online,L,9/14/2010,669609677,9/26/2010,1239,668.27,502.54,827986.53,622647.06,205339.47
Asia,Brunei,Clothes,Offline,H,3/31/2012,451071441,4/18/2012,918,109.28,35.84,100319.04,32901.12,67417.92
"Central America and the Caribbean",Nicaragua,Household,Offline,M,4/9/2015,395529115,5/12/2015,4709,668.27,502.54,3146883.43,2366460.86,780422.57
Europe,Finland,Snacks,Online,L,6/20/2010,668656527,6/21/2010,9180,152.58,97.44,1400684.40,894499.20,506185.20
"Sub-Saharan Africa","Burkina Faso",Vegetables,Offline,L,4/28/2012,156440007,6/4/2012,2929,154.06,90.93,451241.74,266333.97,184907.77
"Central America and the Caribbean","The Bahamas",Meat,Online,L,6/16/2017,515178382,7/24/2017,1586,421.89,364.69,669117.54,578398.34,90719.20
"Sub-Saharan Africa",Liberia,Cosmetics,Offline,C,12/23/2015,321482980,1/7/2016,2813,437.20,263.33,1229843.60,740747.29,489096.31
"Central America and the Caribbean",Dominica,"Personal Care",Online,M,5/30/2010,922277629,6/19/2010,1300,81.73,56.67,106249.00,73671.00,32578.00
Asia,India,Vegetables,Offline,M,12/8/2011,584798657,12/25/2011,3773,154.06,90.93,581268.38,343078.89,238189.49
"Central America and the Caribbean",Grenada,Meat,Online,H,11/7/2013,346594893,11/15/2013,3986,421.89,364.69,1681653.54,1453654.34,227999.20
"Sub-Saharan Africa",Burundi,Household,Offline,H,7/13/2010,865527665,7/20/2010,7725,668.27,502.54,5162385.75,3882121.50,1280264.25
Asia,Indonesia,Household,Online,M,5/1/2016,169770801,5/20/2016,7807,668.27,502.54,5217183.89,3923329.78,1293854.11
Europe,Bulgaria,Beverages,Offline,L,5/26/2016,407810628,6/6/2016,9082,47.45,31.79,430940.90,288716.78,142224.12
"Central America and the Caribbean","The Bahamas",Cereal,Offline,C,11/14/2015,198445975,12/22/2015,3429,205.70,117.11,705345.30,401570.19,303775.11
"Sub-Saharan Africa",Comoros,"Office Supplies",Offline,L,5/15/2013,480788171,6/1/2013,4759,651.21,524.96,3099108.39,2498284.64,600823.75
Asia,Philippines,"Office Supplies",Offline,L,5/17/2012,464261043,5/23/2012,4014,651.21,524.96,2613956.94,2107189.44,506767.50
"Australia and Oceania",Kiribati,Fruits,Offline,M,6/8/2017,778600919,7/4/2017,4169,9.33,6.92,38896.77,28849.48,10047.29
"Sub-Saharan Africa",Namibia,Fruits,Online,C,3/25/2015,323856627,4/28/2015,5228,9.33,6.92,48777.24,36177.76,12599.48
Europe,Armenia,"Office Supplies",Offline,M,3/17/2016,320389497,3/18/2016,9227,651.21,524.96,6008714.67,4843805.92,1164908.75
"Middle East and North Africa",Iraq,Beverages,Online,H,12/22/2012,258873355,1/30/2013,5233,47.45,31.79,248305.85,166357.07,81948.78
Europe,"Bosnia and Herzegovina","Personal Care",Offline,L,5/2/2014,150294530,5/22/2014,4346,81.73,56.67,355198.58,246287.82,108910.76
"Sub-Saharan Africa",Namibia,"Office Supplies",Online,H,3/20/2011,975951850,3/25/2011,4695,651.21,524.96,3057430.95,2464687.20,592743.75
"Sub-Saharan Africa",Mali,Cereal,Online,C,10/8/2010,637456643,10/27/2010,6441,205.70,117.11,1324913.70,754305.51,570608.19
"Sub-Saharan Africa","Cape Verde",Meat,Offline,L,6/4/2017,706732738,6/30/2017,6777,421.89,364.69,2859148.53,2471504.13,387644.40
"Sub-Saharan Africa",Namibia,Cereal,Offline,L,12/14/2013,576016461,12/14/2013,4926,205.70,117.11,1013278.20,576883.86,436394.34
"Australia and Oceania",Nauru,Household,Offline,M,9/11/2010,607856643,9/19/2010,7143,668.27,502.54,4773452.61,3589643.22,1183809.39
"Sub-Saharan Africa",Burundi,Meat,Offline,L,6/26/2011,785114610,7/24/2011,1715,421.89,364.69,723541.35,625443.35,98098.00
Asia,Indonesia,Fruits,Offline,L,6/9/2017,260964190,7/2/2017,3958,9.33,6.92,36928.14,27389.36,9538.78
"Sub-Saharan Africa",Zambia,Cereal,Offline,M,8/2/2015,508891713,8/28/2015,1221,205.70,117.11,251159.70,142991.31,108168.39
"Central America and the Caribbean",Haiti,Fruits,Offline,H,12/15/2012,372696006,12/17/2012,7885,9.33,6.92,73567.05,54564.20,19002.85
Europe,Cyprus,"Baby Food",Online,L,1/26/2010,116488397,3/1/2010,360,255.28,159.42,91900.80,57391.20,34509.60
"Central America and the Caribbean",Haiti,Meat,Online,C,4/21/2012,974692714,6/1/2012,2089,421.89,364.69,881328.21,761837.41,119490.80
"Australia and Oceania","New Zealand",Household,Online,L,12/13/2010,202045285,12/16/2010,8545,668.27,502.54,5710367.15,4294204.30,1416162.85
"Middle East and North Africa",Morocco,Meat,Online,H,4/16/2017,523594939,5/31/2017,2233,421.89,364.69,942080.37,814352.77,127727.60
Asia,Thailand,Snacks,Online,C,5/24/2013,684703004,7/11/2013,7689,152.58,97.44,1173187.62,749216.16,423971.46
"Sub-Saharan Africa",Nigeria,Meat,Offline,M,6/18/2016,401043307,7/23/2016,6482,421.89,364.69,2734690.98,2363920.58,370770.40
Europe,Iceland,Cereal,Online,L,6/24/2014,808602178,8/5/2014,2208,205.70,117.11,454185.60,258578.88,195606.72
"Middle East and North Africa",Bahrain,Meat,Offline,L,6/1/2015,413678443,7/14/2015,5499,421.89,364.69,2319973.11,2005430.31,314542.80
Europe,Switzerland,"Baby Food",Online,M,3/2/2013,942883431,3/27/2013,9015,255.28,159.42,2301349.20,1437171.30,864177.90
Asia,Taiwan,Vegetables,Online,M,1/20/2014,593140971,2/2/2014,2449,154.06,90.93,377292.94,222687.57,154605.37
"Central America and the Caribbean","Costa Rica",Household,Offline,M,4/26/2010,781687390,6/13/2010,7524,668.27,502.54,5028063.48,3781110.96,1246952.52
"Sub-Saharan Africa","Sierra Leone",Meat,Offline,M,3/11/2014,296071517,3/15/2014,2996,421.89,364.69,1263982.44,1092611.24,171371.20
"Sub-Saharan Africa","South Africa",Beverages,Offline,H,4/3/2016,244154679,4/27/2016,9650,47.45,31.79,457892.50,306773.50,151119.00
"Sub-Saharan Africa","Sao Tome and Principe",Vegetables,Online,C,12/12/2011,904110705,1/17/2012,5304,154.06,90.93,817134.24,482292.72,334841.52
"Australia and Oceania",Nauru,Meat,Online,H,11/26/2012,374425923,12/26/2012,9806,421.89,364.69,4137053.34,3576150.14,560903.20
"Sub-Saharan Africa",Djibouti,Clothes,Online,L,11/28/2012,423899161,1/5/2013,37,109.28,35.84,4043.36,1326.08,2717.28
"Central America and the Caribbean",Honduras,Clothes,Offline,H,5/18/2014,641641747,5/21/2014,4907,109.28,35.84,536236.96,175866.88,360370.08
Europe,Netherlands,"Personal Care",Offline,L,12/30/2016,687077510,1/6/2017,358,81.73,56.67,29259.34,20287.86,8971.48
"Australia and Oceania",Australia,Beverages,Offline,L,12/15/2013,739942777,1/30/2014,4366,47.45,31.79,207166.70,138795.14,68371.56
"Middle East and North Africa",Bahrain,"Office Supplies",Online,H,11/11/2010,150286376,11/12/2010,1933,651.21,524.96,1258788.93,1014747.68,244041.25
