Region,Country,"Item Type","Sales Channel","Order Priority","Order Date","Order ID","Ship Date","Units Sold","Unit Price","Unit Cost","Total Revenue","Total Cost","Total Profit"
"Sub-Saharan Africa",Niger,Cosmetics,Online,H,6/19/2017,522774827,6/28/2017,9543,437.20,263.33,4172199.60,2512958.19,1659241.41
"Central America and the Caribbean","Costa Rica","Personal Care",Offline,C,6/4/2013,412149798,6/15/2013,3139,81.73,56.67,256550.47,177887.13,78663.34
"North America","United States of America",Cosmetics,Offline,M,5/14/2016,300165212,7/2/2016,4411,437.20,263.33,1928489.20,1161548.63,766940.57
"North America","United States of America",Clothes,Online,C,5/24/2014,380619895,6/7/2014,2740,109.28,35.84,299427.20,98201.60,201225.60
"Middle East and North Africa",Turkey,"Baby Food",Offline,C,10/23/2011,467625176,11/6/2011,9536,255.28,159.42,2434350.08,1520229.12,914120.96
"Sub-Saharan Africa",Gabon,"Personal Care",Online,H,3/14/2010,445604884,4/25/2010,3242,81.73,56.67,264968.66,183724.14,81244.52
Asia,Bangladesh,Beverages,Offline,C,3/21/2012,719295346,3/26/2012,4332,47.45,31.79,205553.40,137714.28,67839.12
Europe,Hungary,Household,Offline,C,3/22/2010,863745391,3/23/2010,310,668.27,502.54,207163.70,155787.40,51376.30
Asia,Nepal,Snacks,Online,H,10/11/2012,974316346,11/18/2012,713,152.58,97.44,108789.54,69474.72,39314.82
"Sub-Saharan Africa",Mozambique,Cereal,Offline,C,8/2/2010,316682040,8/14/2010,2108,205.70,117.11,433615.60,246867.88,186747.72
Asia,Maldives,"Office Supplies",Offline,H,7/23/2010,476828801,8/28/2010,3093,651.21,524.96,2014192.53,1623701.28,390491.25
"Sub-Saharan Africa",Liberia,"Baby Food",Online,L,11/17/2016,411055457,11/23/2016,9299,255.28,159.42,2373848.72,1482446.58,891402.14
"Sub-Saharan Africa","The Gambia",Beverages,Offline,C,2/4/2012,495973336,3/13/2012,8387,47.45,31.79,397963.15,266622.73,131340.42
"Middle East and North Africa",Jordan,Fruits,Online,H,11/15/2013,278506267,12/14/2013,5048,9.33,6.92,47097.84,34932.16,12165.68
"Middle East and North Africa",Israel,Household,Online,M,9/3/2010,725890576,10/19/2010,6007,668.27,502.54,4014297.89,3018757.78,995540.11
"Middle East and North Africa",Morocco,Cosmetics,Offline,C,12/9/2010,175675094,1/16/2011,5019,437.20,263.33,2194306.80,1321653.27,872653.53
"Central America and the Caribbean","Trinidad and Tobago",Meat,Offline,H,8/13/2016,185721147,9/4/2016,7869,421.89,364.69,3319852.41,2869745.61,450106.80
Europe,Albania,Fruits,Online,H,10/12/2011,584202563,10/14/2011,7376,9.33,6.92,68818.08,51041.92,17776.16
"Sub-Saharan Africa","Democratic Republic of the Congo","Baby Food",Online,L,11/8/2011,819605672,12/22/2011,8387,255.28,159.42,2141033.36,1337055.54,803977.82
Asia,"North Korea",Vegetables,Online,C,5/29/2014,410729300,6/1/2014,2782,154.06,90.93,428594.92,252967.26,175627.66
"Middle East and North Africa",Israel,Household,Online,H,6/29/2010,296684777,8/18/2010,4473,668.27,502.54,2989171.71,2247861.42,741310.29
Europe,Romania,Vegetables,Online,C,3/1/2011,586895930,4/8/2011,4403,154.06,90.93,678326.18,400364.79,277961.39
Asia,Philippines,"Personal Care",Online,H,5/23/2013,111099088,7/1/2013,5544,81.73,56.67,453111.12,314178.48,138932.64
"Sub-Saharan Africa","Central African Republic",Clothes,Online,L,6/6/2011,469343078,6/17/2011,7901,109.28,35.84,863421.28,283171.84,580249.44
"Sub-Saharan Africa",Ghana,Household,Online,L,9/24/2015,181989228,10/20/2015,3512,668.27,502.54,2346964.24,1764920.48,582043.76
"Middle East and North Africa",Iraq,Clothes,Online,M,4/28/2011,539711368,6/11/2011,1442,109.28,35.84,157581.76,51681.28,105900.48
"Sub-Saharan Africa","Cote d'Ivoire",Household,Online,L,7/30/2014,653495824,9/6/2014,2791,668.27,502.54,1865141.57,1402589.14,462552.43
"Central America and the Caribbean","Costa Rica",Meat,Online,H,6/8/2016,604641425,6/26/2016,5689,421.89,364.69,2400132.21,2074721.41,325410.80
"Sub-Saharan Africa",Lesotho,Snacks,Offline,L,6/21/2016,994759500,7/2/2016,297,152.58,97.44,45316.26,28939.68,16376.58
"Sub-Saharan Africa","Mauritius ",Household,Online,L,7/16/2011,695773875,8/14/2011,3806,668.27,502.54,2543435.62,1912667.24,630768.38
Asia,Bangladesh,"Office Supplies",Offline,H,9/13/2014,899920880,11/1/2014,5442,651.21,524.96,3543884.82,2856832.32,687052.50
Asia,Maldives,Beverages,Offline,H,7/30/2013,169749343,9/1/2013,1458,47.45,31.79,69182.10,46349.82,22832.28
"Sub-Saharan Africa",Benin,Vegetables,Offline,M,1/5/2012,288120591,1/17/2012,140,154.06,90.93,21568.40,12730.20,8838.20
"Sub-Saharan Africa",Lesotho,Vegetables,Online,L,2/9/2011,408208453,2/9/2011,6807,154.06,90.93,1048686.42,618960.51,429725.91
Europe,Estonia,Cosmetics,Offline,C,1/18/2013,203499257,2/15/2013,8807,437.20,263.33,3850420.40,2319147.31,1531273.09
"Central America and the Caribbean",Honduras,Cosmetics,Offline,H,4/16/2017,317791831,4/29/2017,520,437.20,263.33,227344.00,136931.60,90412.40
"Sub-Saharan Africa",Mauritania,Vegetables,Offline,L,10/12/2016,115197503,11/17/2016,8356,154.06,90.93,1287325.36,759811.08,527514.28
Europe,Slovenia,"Baby Food",Online,M,11/21/2016,830140101,12/7/2016,5758,255.28,159.42,1469902.24,917940.36,551961.88
Asia,Uzbekistan,"Baby Food",Offline,C,6/27/2016,617355954,8/2/2016,8201,255.28,159.42,2093551.28,1307403.42,786147.86
"Central America and the Caribbean","El Salvador",Meat,Offline,H,9/19/2011,401893889,10/5/2011,8188,421.89,364.69,3454435.32,2986081.72,468353.60
"Central America and the Caribbean",Jamaica,Cereal,Online,C,12/4/2014,729115235,1/15/2015,256,205.70,117.11,52659.20,29980.16,22679.04
Europe,France,Snacks,Online,C,1/12/2013,414693820,2/15/2013,5972,152.58,97.44,911207.76,581911.68,329296.08
"Sub-Saharan Africa",Mauritania,Fruits,Online,H,9/25/2016,594615972,10/24/2016,8935,9.33,6.92,83363.55,61830.20,21533.35
Europe,"Moldova ",Cereal,Online,L,4/16/2011,675180518,4/16/2011,9774,205.70,117.11,2010511.80,1144633.14,865878.66
Europe,Switzerland,Snacks,Online,L,4/23/2013,582998788,5/30/2013,1152,152.58,97.44,175772.16,112250.88,63521.28
"Sub-Saharan Africa",Gabon,Cereal,Online,M,12/20/2013,314994609,12/31/2013,2759,205.70,117.11,567526.30,323106.49,244419.81
"Sub-Saharan Africa","The Gambia",Cereal,Online,L,1/28/2013,388404309,2/12/2013,6321,205.70,117.11,1300229.70,740252.31,559977.39
Europe,Switzerland,Fruits,Online,M,4/21/2015,490776717,5/15/2015,592,9.33,6.92,5523.36,4096.64,1426.72
"Sub-Saharan Africa","South Africa",Snacks,Offline,H,3/22/2011,829973161,4/19/2011,6357,152.58,97.44,969951.06,619426.08,350524.98
Asia,Taiwan,Beverages,Offline,C,6/1/2011,784167468,6/8/2011,1435,47.45,31.79,68090.75,45618.65,22472.10
Europe,Latvia,Household,Online,M,5/19/2012,251845967,5/20/2012,5673,668.27,502.54,3791095.71,2850909.42,940186.29
"Middle East and North Africa","Tunisia ",Cosmetics,Offline,L,6/21/2015,101807487,8/4/2015,5953,437.20,263.33,2602651.60,1567603.49,1035048.11
Asia,Thailand,Cosmetics,Offline,L,7/11/2015,823163354,8/5/2015,1184,437.20,263.33,517644.80,311782.72,205862.08
"Sub-Saharan Africa",Rwanda,Household,Offline,H,3/27/2012,275337398,4/24/2012,7309,668.27,502.54,4884385.43,3673064.86,1211320.57
Asia,Tajikistan,Vegetables,Offline,M,12/7/2013,438065946,1/24/2014,2303,154.06,90.93,354800.18,209411.79,145388.39
Asia,Kyrgyzstan,"Baby Food",Offline,H,2/1/2011,661397826,2/18/2011,1169,255.28,159.42,298422.32,186361.98,112060.34
"Sub-Saharan Africa",Botswana,Cereal,Online,C,5/13/2010,815694367,6/16/2010,945,205.70,117.11,194386.50,110668.95,83717.55
Europe,Estonia,"Office Supplies",Offline,M,9/21/2015,841629397,10/23/2015,5696,651.21,524.96,3709292.16,2990172.16,719120.00
Europe,Estonia,Cosmetics,Offline,C,1/10/2017,300189244,1/19/2017,1523,437.20,263.33,665855.60,401051.59,264804.01
Europe,France,"Baby Food",Online,L,8/1/2016,622672736,8/4/2016,1555,255.28,159.42,396960.40,247898.10,149062.30
"Australia and Oceania",Australia,Beverages,Online,C,3/5/2010,160691201,3/18/2010,952,47.45,31.79,45172.40,30264.08,14908.32
Asia,Brunei,"Office Supplies",Offline,L,8/2/2013,936168467,8/29/2013,1908,651.21,524.96,1242508.68,1001623.68,240885.00
Europe,Portugal,Meat,Offline,L,5/18/2013,991340863,7/4/2013,8646,421.89,364.69,3647660.94,3153109.74,494551.20
Europe,Switzerland,Vegetables,Offline,C,2/9/2016,238757216,2/19/2016,2421,154.06,90.93,372979.26,220141.53,152837.73
Europe,Albania,Snacks,Online,C,3/31/2014,911278855,4/21/2014,6519,152.58,97.44,994669.02,635211.36,359457.66
"Middle East and North Africa","United Arab Emirates","Baby Food",Offline,H,9/11/2012,812079608,10/2/2012,1257,255.28,159.42,320886.96,200390.94,120496.02
"Sub-Saharan Africa",Tanzania,Meat,Offline,C,6/3/2017,964645802,6/18/2017,8984,421.89,364.69,3790259.76,3276374.96,513884.80
"Australia and Oceania",Nauru,Vegetables,Offline,M,7/9/2016,662776267,8/22/2016,9081,154.06,90.93,1399018.86,825735.33,573283.53
Asia,Turkmenistan,"Baby Food",Offline,C,4/19/2014,620582330,5/4/2014,2957,255.28,159.42,754862.96,471404.94,283458.02
Europe,Sweden,Fruits,Online,M,5/5/2012,722487819,5/27/2012,9056,9.33,6.92,84492.48,62667.52,21824.96
Asia,Japan,"Office Supplies",Offline,M,4/21/2013,473229062,5/14/2013,7851,651.21,524.96,5112649.71,4121460.96,991188.75
Asia,Nepal,Cosmetics,Online,H,2/10/2017,347854888,2/24/2017,6846,437.20,263.33,2993071.20,1802757.18,1190314.02
"Sub-Saharan Africa",Zimbabwe,Household,Offline,L,3/11/2017,441726624,3/13/2017,5579,668.27,502.54,3728278.33,2803670.66,924607.67
Asia,Vietnam,"Office Supplies",Online,C,10/24/2011,920518100,12/1/2011,617,651.21,524.96,401796.57,323900.32,77896.25
Europe,Bulgaria,"Office Supplies",Offline,L,6/17/2015,670215642,7/17/2015,557,651.21,524.96,362723.97,292402.72,70321.25
Europe,Denmark,"Baby Food",Online,L,3/5/2017,447118079,4/1/2017,1030,255.28,159.42,262938.40,164202.60,98735.80
Asia,China,Cereal,Online,L,8/23/2014,627836740,10/5/2014,9698,205.70,117.11,1994878.60,1135732.78,859145.82
"Central America and the Caribbean",Cuba,Clothes,Offline,M,5/24/2010,759295451,6/19/2010,1252,109.28,35.84,136818.56,44871.68,91946.88
Asia,Singapore,Clothes,Offline,H,8/8/2015,908730542,9/19/2015,2416,109.28,35.84,264020.48,86589.44,177431.04
Asia,Malaysia,Cosmetics,Online,M,12/30/2015,313690841,2/10/2016,6946,437.20,263.33,3036791.20,1829090.18,1207701.02
"Sub-Saharan Africa",Senegal,"Office Supplies",Offline,M,7/7/2013,532037675,8/17/2013,626,651.21,524.96,407657.46,328624.96,79032.50
"Middle East and North Africa",Qatar,"Office Supplies",Online,H,12/15/2014,491944873,1/28/2015,6275,651.21,524.96,4086342.75,3294124.00,792218.75
"Sub-Saharan Africa",Niger,Household,Online,M,1/10/2013,541898763,1/27/2013,8741,668.27,502.54,5841348.07,4392702.14,1448645.93
"Sub-Saharan Africa","Democratic Republic of the Congo",Clothes,Online,M,11/12/2012,200698173,11/27/2012,9904,109.28,35.84,1082309.12,354959.36,727349.76
"Sub-Saharan Africa",Niger,Beverages,Offline,M,2/6/2013,407454431,2/13/2013,3675,47.45,31.79,174378.75,116828.25,57550.50
Europe,Slovakia,Clothes,Online,H,3/18/2017,371591365,3/18/2017,997,109.28,35.84,108952.16,35732.48,73219.68
"Sub-Saharan Africa",Uganda,Vegetables,Offline,H,8/6/2014,722845304,8/19/2014,4843,154.06,90.93,746112.58,440373.99,305738.59
"Sub-Saharan Africa","Cape Verde","Baby Food",Online,L,8/25/2014,361265075,8/30/2014,5219,255.28,159.42,1332306.32,832012.98,500293.34
Europe,France,Snacks,Offline,M,9/8/2012,507212007,10/27/2012,4159,152.58,97.44,634580.22,405252.96,229327.26
"Sub-Saharan Africa",Ghana,Snacks,Offline,H,6/13/2016,651359927,6/14/2016,732,152.58,97.44,111688.56,71326.08,40362.48
"Sub-Saharan Africa","Democratic Republic of the Congo","Baby Food",Online,M,1/9/2012,804695165,2/17/2012,6036,255.28,159.42,1540870.08,962259.12,578610.96
Europe,Ireland,Fruits,Online,C,1/23/2013,148516547,2/13/2013,8202,9.33,6.92,76524.66,56757.84,19766.82
"Sub-Saharan Africa",Mauritania,Vegetables,Online,L,7/27/2011,184435403,8/19/2011,7389,154.06,90.93,1138349.34,671881.77,466467.57
Europe,Russia,"Baby Food",Online,L,12/19/2011,684375560,12/26/2011,791,255.28,159.42,201926.48,126101.22,75825.26
"Sub-Saharan Africa",Cameroon,Snacks,Offline,M,3/5/2012,140573346,3/6/2012,7632,152.58,97.44,1164490.56,743662.08,420828.48
"Middle East and North Africa",Lebanon,"Personal Care",Online,L,12/19/2014,715577590,1/7/2015,4165,81.73,56.67,340405.45,236030.55,104374.90
"Central America and the Caribbean","Saint Kitts and Nevis ","Personal Care",Offline,C,8/7/2016,592249619,9/14/2016,8678,81.73,56.67,709252.94,491782.26,217470.68
Asia,Bhutan,Vegetables,Offline,M,8/14/2010,723763263,9/7/2010,6488,154.06,90.93,999541.28,589953.84,409587.44
"Middle East and North Africa",Morocco,Cosmetics,Offline,H,5/5/2014,783604848,5/13/2014,4943,437.20,263.33,2161079.60,1301640.19,859439.41
"Central America and the Caribbean","The Bahamas",Vegetables,Online,L,1/31/2012,515573203,2/6/2012,8423,154.06,90.93,1297647.38,765903.39,531743.99
