Region,Country,"Item Type","Sales Channel","Order Priority","Order Date","Order ID","Ship Date","Units Sold","Unit Price","Unit Cost","Total Revenue","Total Cost","Total Profit"
"Central America and the Caribbean",Guatemala,Snacks,Online,C,12/22/2011,349202859,2/4/2012,5741,152.58,97.44,875961.78,559403.04,316558.74
"Sub-Saharan Africa",Burundi,Clothes,Offline,L,1/27/2013,598654735,2/16/2013,4094,109.28,35.84,447392.32,146728.96,300663.36
Europe,Macedonia,Cosmetics,Online,L,11/29/2010,901239240,12/22/2010,5573,437.20,263.33,2436515.60,1467538.09,968977.51
"North America",Greenland,Clothes,Online,M,10/28/2015,719505202,11/13/2015,6433,109.28,35.84,702998.24,230558.72,472439.52
"Sub-Saharan Africa","Burkina Faso",Snacks,Offline,L,7/3/2016,936313951,8/1/2016,4960,152.58,97.44,756796.80,483302.40,273494.40
"Sub-Saharan Africa",Nigeria,"Baby Food",Offline,L,1/23/2014,704839313,2/18/2014,6471,255.28,159.42,1651916.88,1031606.82,620310.06
"Australia and Oceania",Kiribati,Meat,Online,M,9/5/2010,598567616,10/13/2010,8314,421.89,364.69,3507593.46,3032032.66,475560.80
"Middle East and North Africa",Yemen,"Personal Care",Offline,H,5/19/2013,361297690,6/19/2013,4870,81.73,56.67,398025.10,275982.90,122042.20
Asia,Bhutan,"Office Supplies",Online,C,2/13/2015,257140862,3/23/2015,2550,651.21,524.96,1660585.50,1338648.00,321937.50
"Sub-Saharan Africa","Equatorial Guinea",Fruits,Online,M,9/10/2013,620520961,10/6/2013,4797,9.33,6.92,44756.01,33195.24,11560.77
"Australia and Oceania","East Timor",Beverages,Offline,H,7/16/2015,506174314,8/15/2015,7083,47.45,31.79,336088.35,225168.57,110919.78
Europe,Monaco,Meat,Online,C,10/19/2016,839149749,11/6/2016,1913,421.89,364.69,807075.57,697651.97,109423.60
Asia,Bangladesh,Clothes,Online,C,9/7/2014,364808595,10/4/2014,3825,109.28,35.84,417996.00,137088.00,280908.00
"Sub-Saharan Africa",Kenya,Household,Online,C,4/3/2011,598824679,5/1/2011,4385,668.27,502.54,2930363.95,2203637.90,726726.05
"Sub-Saharan Africa",Lesotho,Household,Offline,M,3/16/2017,877184331,3/23/2017,7191,668.27,502.54,4805529.57,3613765.14,1191764.43
Europe,Norway,Household,Online,L,3/22/2010,606186378,4/28/2010,2875,668.27,502.54,1921276.25,1444802.50,476473.75
Asia,Maldives,Cereal,Offline,L,6/28/2014,612442147,7/4/2014,4096,205.70,117.11,842547.20,479682.56,362864.64
Europe,Hungary,"Office Supplies",Offline,H,8/10/2013,892875468,9/20/2013,548,651.21,524.96,356863.08,287678.08,69185.00
"Australia and Oceania","East Timor",Cereal,Offline,L,12/20/2014,164722669,1/16/2015,3953,205.70,117.11,813132.10,462935.83,350196.27
"Sub-Saharan Africa","Democratic Republic of the Congo","Office Supplies",Online,H,8/27/2015,815532577,10/11/2015,3067,651.21,524.96,1997261.07,1610052.32,387208.75
"Central America and the Caribbean",Nicaragua,"Personal Care",Offline,H,10/27/2013,353166520,11/29/2013,8676,81.73,56.67,709089.48,491668.92,217420.56
"Australia and Oceania",Australia,Snacks,Online,L,6/22/2012,855798327,7/12/2012,8598,152.58,97.44,1311882.84,837789.12,474093.72
"Sub-Saharan Africa",Ethiopia,Fruits,Offline,M,9/10/2015,421914327,10/29/2015,2680,9.33,6.92,25004.40,18545.60,6458.80
"Central America and the Caribbean","Saint Vincent and the Grenadines",Snacks,Offline,M,3/29/2017,820313346,5/17/2017,7803,152.58,97.44,1190581.74,760324.32,430257.42
Asia,Malaysia,Meat,Online,L,12/21/2011,740106713,1/3/2012,2878,421.89,364.69,1214199.42,1049577.82,164621.60
"Sub-Saharan Africa",Niger,Cereal,Offline,C,9/19/2014,740718257,10/14/2014,3847,205.70,117.11,791327.90,450522.17,340805.73
"Central America and the Caribbean","Trinidad and Tobago","Office Supplies",Offline,M,2/3/2011,101884305,3/4/2011,8685,651.21,524.96,5655758.85,4559277.60,1096481.25
"Central America and the Caribbean","Saint Vincent and the Grenadines",Fruits,Offline,C,4/11/2014,873653686,4/18/2014,2395,9.33,6.92,22345.35,16573.40,5771.95
"Sub-Saharan Africa",Mali,"Baby Food",Offline,L,10/21/2015,226387727,10/28/2015,2014,255.28,159.42,514133.92,321071.88,193062.04
Europe,Ukraine,"Office Supplies",Online,H,1/18/2012,800760257,2/1/2012,1609,651.21,524.96,1047796.89,844660.64,203136.25
Asia,Laos,Snacks,Online,L,8/9/2015,357757604,9/3/2015,7280,152.58,97.44,1110782.40,709363.20,401419.20
Asia,Tajikistan,Clothes,Online,H,8/15/2013,328678596,9/12/2013,2155,109.28,35.84,235498.40,77235.20,158263.20
"Middle East and North Africa",Somalia,"Office Supplies",Online,C,1/12/2017,865134561,2/2/2017,1397,651.21,524.96,909740.37,733369.12,176371.25
Europe,Iceland,"Baby Food",Online,M,5/3/2011,389049327,6/16/2011,7196,255.28,159.42,1836994.88,1147186.32,689808.56
Europe,Iceland,Clothes,Offline,M,5/17/2013,542659223,7/2/2013,3778,109.28,35.84,412859.84,135403.52,277456.32
Europe,Romania,Clothes,Offline,L,7/26/2014,338513076,8/13/2014,2396,109.28,35.84,261834.88,85872.64,175962.24
"Sub-Saharan Africa",Guinea-Bissau,Snacks,Offline,L,12/14/2014,209472215,12/27/2014,6338,152.58,97.44,967052.04,617574.72,349477.32
"Sub-Saharan Africa","Mauritius ",Cosmetics,Offline,L,11/12/2011,658710467,12/4/2011,5920,437.20,263.33,2588224.00,1558913.60,1029310.40
"Australia and Oceania",Vanuatu,Vegetables,Offline,L,4/8/2011,909714162,5/27/2011,3491,154.06,90.93,537823.46,317436.63,220386.83
Asia,Singapore,Fruits,Online,C,5/25/2016,256282126,7/1/2016,8431,9.33,6.92,78661.23,58342.52,20318.71
"Sub-Saharan Africa",Namibia,"Personal Care",Offline,L,6/4/2016,312525689,7/16/2016,2151,81.73,56.67,175801.23,121897.17,53904.06
"Middle East and North Africa","Tunisia ",Beverages,Offline,C,12/5/2012,962868678,12/12/2012,3094,47.45,31.79,146810.30,98358.26,48452.04
Europe,Denmark,Clothes,Offline,H,2/21/2016,812047421,4/3/2016,1732,109.28,35.84,189272.96,62074.88,127198.08
Europe,"Moldova ",Household,Online,M,11/2/2010,335110747,12/13/2010,5572,668.27,502.54,3723600.44,2800152.88,923447.56
"Sub-Saharan Africa",Madagascar,Snacks,Offline,M,3/1/2013,527419984,3/14/2013,4149,152.58,97.44,633054.42,404278.56,228775.86
Asia,Malaysia,Household,Offline,M,10/26/2013,654648959,11/2/2013,4030,668.27,502.54,2693128.10,2025236.20,667891.90
"Sub-Saharan Africa",Lesotho,Vegetables,Offline,M,2/21/2012,502784001,3/25/2012,3814,154.06,90.93,587584.84,346807.02,240777.82
"Sub-Saharan Africa",Senegal,Cereal,Online,H,4/26/2012,828123939,6/4/2012,9131,205.70,117.11,1878246.70,1069331.41,808915.29
Asia,Myanmar,Clothes,Offline,H,1/14/2012,207280099,2/21/2012,7642,109.28,35.84,835117.76,273889.28,561228.48
"Sub-Saharan Africa","Central African Republic","Personal Care",Offline,C,10/27/2013,887176311,11/26/2013,4040,81.73,56.67,330189.20,228946.80,101242.40
"Sub-Saharan Africa",Guinea,Fruits,Offline,C,9/15/2013,235048902,10/14/2013,5048,9.33,6.92,47097.84,34932.16,12165.68
"Sub-Saharan Africa",Kenya,Clothes,Offline,C,7/23/2012,188446700,8/30/2012,4421,109.28,35.84,483126.88,158448.64,324678.24
Asia,Taiwan,Household,Offline,H,4/30/2012,505231034,5/21/2012,7945,668.27,502.54,5309405.15,3992680.30,1316724.85
"North America",Canada,Snacks,Offline,M,3/25/2012,113575732,4/26/2012,8438,152.58,97.44,1287470.04,822198.72,465271.32
"Sub-Saharan Africa",Burundi,Clothes,Online,C,7/20/2012,261967122,8/28/2012,748,109.28,35.84,81741.44,26808.32,54933.12
"Central America and the Caribbean",Jamaica,Beverages,Online,L,11/7/2010,469204032,12/23/2010,6755,47.45,31.79,320524.75,214741.45,105783.30
Europe,Andorra,Clothes,Offline,C,5/2/2013,774397790,5/23/2013,370,109.28,35.84,40433.60,13260.80,27172.80
"Australia and Oceania","Solomon Islands",Clothes,Offline,M,11/27/2015,386972224,12/19/2015,2535,109.28,35.84,277024.80,90854.40,186170.40
"Australia and Oceania","Marshall Islands",Beverages,Online,L,7/16/2015,836663663,8/4/2015,6225,47.45,31.79,295376.25,197892.75,97483.50
"Sub-Saharan Africa",Guinea-Bissau,Clothes,Online,L,1/20/2014,123520934,2/9/2014,1444,109.28,35.84,157800.32,51752.96,106047.36
"Australia and Oceania","Solomon Islands",Cosmetics,Online,C,5/5/2014,367905366,6/21/2014,228,437.20,263.33,99681.60,60039.24,39642.36
Europe,Netherlands,"Office Supplies",Offline,M,7/25/2016,160490787,8/2/2016,1645,651.21,524.96,1071240.45,863559.20,207681.25
"Australia and Oceania","Federated States of Micronesia",Cosmetics,Online,C,5/21/2014,412263524,6/19/2014,6793,437.20,263.33,2969899.60,1788800.69,1181098.91
"Central America and the Caribbean","Trinidad and Tobago","Personal Care",Offline,H,11/20/2013,304522407,12/10/2013,3802,81.73,56.67,310737.46,215459.34,95278.12
"Central America and the Caribbean",Panama,Fruits,Offline,C,8/22/2014,438878762,8/27/2014,2833,9.33,6.92,26431.89,19604.36,6827.53
Europe,Estonia,Cereal,Offline,L,7/2/2013,587256419,8/20/2013,1079,205.70,117.11,221950.30,126361.69,95588.61
Asia,Philippines,"Personal Care",Offline,L,12/17/2015,141891705,1/12/2016,7764,81.73,56.67,634551.72,439985.88,194565.84
"Sub-Saharan Africa",Angola,Meat,Online,L,3/18/2017,365333449,3/20/2017,9141,421.89,364.69,3856496.49,3333631.29,522865.20
"Central America and the Caribbean","Saint Lucia",Cereal,Offline,H,7/9/2013,340442979,7/13/2013,3498,205.70,117.11,719538.60,409650.78,309887.82
Asia,Kyrgyzstan,"Baby Food",Online,M,7/28/2013,120394122,9/16/2013,6151,255.28,159.42,1570227.28,980592.42,589634.86
"Sub-Saharan Africa","Mauritius ","Office Supplies",Online,M,12/21/2011,278673207,1/7/2012,4450,651.21,524.96,2897884.50,2336072.00,561812.50
"Middle East and North Africa",Libya,Clothes,Online,L,9/30/2015,559079062,10/25/2015,2773,109.28,35.84,303033.44,99384.32,203649.12
Europe,Macedonia,"Baby Food",Online,L,4/10/2010,325723016,4/12/2010,7534,255.28,159.42,1923279.52,1201070.28,722209.24
Asia,China,"Office Supplies",Offline,M,1/27/2016,813028895,2/16/2016,2172,651.21,524.96,1414428.12,1140213.12,274215.00
Europe,Slovenia,Beverages,Online,L,11/10/2016,175733029,11/21/2016,2163,47.45,31.79,102634.35,68761.77,33872.58
"Sub-Saharan Africa",Cameroon,"Personal Care",Offline,C,5/9/2016,238884246,6/24/2016,12,81.73,56.67,980.76,680.04,300.72
Europe,Germany,Cosmetics,Offline,H,10/5/2011,647843873,10/11/2011,253,437.20,263.33,110611.60,66622.49,43989.11
"Central America and the Caribbean",Panama,Meat,Offline,L,9/18/2012,218285739,10/6/2012,4456,421.89,364.69,1879941.84,1625058.64,254883.20
"North America","United States of America",Vegetables,Offline,L,10/8/2014,986196172,10/23/2014,6218,154.06,90.93,957945.08,565402.74,392542.34
Europe,"United Kingdom",Fruits,Online,M,10/1/2010,557874000,10/23/2010,6169,9.33,6.92,57556.77,42689.48,14867.29
"Sub-Saharan Africa","South Africa",Snacks,Offline,H,4/10/2017,659930551,5/5/2017,6970,152.58,97.44,1063482.60,679156.80,384325.80
Europe,Austria,Meat,Offline,H,5/14/2010,389289653,5/14/2010,8314,421.89,364.69,3507593.46,3032032.66,475560.80
Europe,Iceland,Clothes,Online,H,7/24/2012,263187634,8/31/2012,1924,109.28,35.84,210254.72,68956.16,141298.56
Asia,"Sri Lanka",Beverages,Offline,M,5/16/2013,869173324,5/28/2013,6556,47.45,31.79,311082.20,208415.24,102666.96
Europe,Greece,Cereal,Online,H,12/15/2010,615108048,12/30/2010,2995,205.70,117.11,616071.50,350744.45,265327.05
Europe,Lithuania,Household,Offline,H,11/21/2015,679165637,12/17/2015,9059,668.27,502.54,6053857.93,4552509.86,1501348.07
Europe,Kosovo,Meat,Online,C,2/6/2017,959832417,3/14/2017,4597,421.89,364.69,1939428.33,1676479.93,262948.40
"Sub-Saharan Africa",Senegal,Snacks,Online,L,12/9/2015,525907218,1/2/2016,6487,152.58,97.44,989786.46,632093.28,357693.18
"Middle East and North Africa",Syria,Vegetables,Offline,L,10/25/2014,766501367,11/30/2014,3643,154.06,90.93,561240.58,331257.99,229982.59
Europe,Italy,Cereal,Offline,L,6/5/2013,441038691,6/6/2013,2005,205.70,117.11,412428.50,234805.55,177622.95
"Australia and Oceania",Tuvalu,Clothes,Offline,H,7/13/2012,629255521,7/30/2012,9547,109.28,35.84,1043296.16,342164.48,701131.68
"Middle East and North Africa",Egypt,Cosmetics,Offline,M,3/1/2010,681200683,3/16/2010,1275,437.20,263.33,557430.00,335745.75,221684.25
"Australia and Oceania",Australia,Household,Offline,M,12/30/2012,467235505,2/12/2013,4224,668.27,502.54,2822772.48,2122728.96,700043.52
"Central America and the Caribbean",Panama,Cosmetics,Online,L,5/31/2017,828033816,7/6/2017,2462,437.20,263.33,1076386.40,648318.46,428067.94
"Central America and the Caribbean","Dominican Republic",Clothes,Online,M,4/15/2013,424581944,5/26/2013,2087,109.28,35.84,228067.36,74798.08,153269.28
Europe,Poland,Cosmetics,Online,C,6/26/2010,688178718,8/10/2010,6230,437.20,263.33,2723756.00,1640545.90,1083210.10
"Sub-Saharan Africa",Madagascar,"Office Supplies",Online,M,5/13/2012,870435464,6/29/2012,52,651.21,524.96,33862.92,27297.92,6565.00
"Central America and the Caribbean",Barbados,Beverages,Offline,H,12/31/2011,293276011,2/5/2012,5744,47.45,31.79,272552.80,182601.76,89951.04
"Central America and the Caribbean","Dominican Republic",Clothes,Online,M,2/1/2011,598936688,2/14/2011,7531,109.28,35.84,822987.68,269911.04,553076.64
Asia,Tajikistan,"Baby Food",Online,L,3/10/2016,799966323,3/28/2016,6667,255.28,159.42,1701951.76,1062853.14,639098.62
