Region,Country,"Item Type","Sales Channel","Order Priority","Order Date","Order ID","Ship Date","Units Sold","Unit Price","Unit Cost","Total Revenue","Total Cost","Total Profit"
Europe,Austria,"Personal Care",Offline,M,6/12/2011,904446732,7/22/2011,4742,81.73,56.67,387563.66,268729.14,118834.52
"Australia and Oceania","New Zealand","Personal Care",Online,C,6/7/2017,142771899,6/20/2017,8233,81.73,56.67,672883.09,466564.11,206318.98
"Middle East and North Africa",Morocco,Clothes,Online,L,4/19/2011,793018758,5/25/2011,728,109.28,35.84,79555.84,26091.52,53464.32
Asia,Nepal,Clothes,Online,C,4/26/2013,573986136,5/10/2013,4108,109.28,35.84,448922.24,147230.72,301691.52
"North America",Greenland,Beverages,Offline,C,7/21/2014,424785363,8/5/2014,2283,47.45,31.79,108328.35,72576.57,35751.78
"Sub-Saharan Africa","South Africa",Snacks,Online,H,11/26/2010,454840266,1/13/2011,6197,152.58,97.44,945538.26,603835.68,341702.58
Europe,Bulgaria,Meat,Offline,L,6/29/2014,393887174,7/28/2014,8823,421.89,364.69,3722335.47,3217659.87,504675.60
Europe,Romania,Fruits,Offline,H,12/30/2011,941974914,1/19/2012,165,9.33,6.92,1539.45,1141.80,397.65
"Sub-Saharan Africa",Niger,Cosmetics,Online,C,11/14/2013,619464814,12/25/2013,2259,437.20,263.33,987634.80,594862.47,392772.33
Europe,"Bosnia and Herzegovina",Vegetables,Offline,H,9/19/2012,717030704,9/20/2012,4174,154.06,90.93,643046.44,379541.82,263504.62
"Central America and the Caribbean","Trinidad and Tobago",Clothes,Online,L,5/2/2017,345658910,5/28/2017,7008,109.28,35.84,765834.24,251166.72,514667.52
Asia,Kyrgyzstan,Cosmetics,Offline,H,2/2/2011,486648261,2/28/2011,8890,437.20,263.33,3886708.00,2341003.70,1545704.30
"Central America and the Caribbean","Costa Rica",Meat,Offline,L,4/9/2016,841610085,5/3/2016,9982,421.89,364.69,4211305.98,3640335.58,570970.40
"Sub-Saharan Africa",Angola,Meat,Online,H,8/4/2014,282468211,9/9/2014,7476,421.89,364.69,3154049.64,2726422.44,427627.20
"Central America and the Caribbean","Saint Vincent and the Grenadines",Household,Offline,C,7/17/2011,901458966,8/22/2011,595,668.27,502.54,397620.65,299011.30,98609.35
Europe,Armenia,Clothes,Online,C,6/17/2017,361131179,7/26/2017,5596,109.28,35.84,611530.88,200560.64,410970.24
"Middle East and North Africa",Iran,Cereal,Offline,C,6/19/2013,444346177,7/12/2013,763,205.70,117.11,156949.10,89354.93,67594.17
Europe,France,Vegetables,Online,L,10/26/2015,304277789,10/31/2015,1414,154.06,90.93,217840.84,128575.02,89265.82
"Sub-Saharan Africa",Chad,Meat,Offline,M,7/19/2011,514412343,8/2/2011,4899,421.89,364.69,2066839.11,1786616.31,280222.80
"North America",Mexico,Cosmetics,Offline,L,4/4/2015,818548667,4/21/2015,5595,437.20,263.33,2446134.00,1473331.35,972802.65
Asia,Japan,Fruits,Online,C,4/26/2012,580798089,6/11/2012,9916,9.33,6.92,92516.28,68618.72,23897.56
"Sub-Saharan Africa",Kenya,Cereal,Online,C,9/7/2015,135584437,9/26/2015,1303,205.70,117.11,268027.10,152594.33,115432.77
"Middle East and North Africa",Pakistan,"Personal Care",Online,C,8/22/2016,337644040,9/11/2016,5230,81.73,56.67,427447.90,296384.10,131063.80
"Middle East and North Africa",Somalia,Household,Online,C,5/3/2011,312025725,5/22/2011,4201,668.27,502.54,2807402.27,2111170.54,696231.73
"Central America and the Caribbean",Belize,Fruits,Online,M,2/14/2012,604090821,2/14/2012,2753,9.33,6.92,25685.49,19050.76,6634.73
Europe,Georgia,Cereal,Offline,H,6/25/2013,929513156,7/31/2013,2454,205.70,117.11,504787.80,287387.94,217399.86
"Central America and the Caribbean",Honduras,Beverages,Offline,L,12/21/2010,624279057,1/1/2011,6901,47.45,31.79,327452.45,219382.79,108069.66
"Sub-Saharan Africa",Lesotho,"Office Supplies",Online,H,7/26/2012,894687354,7/27/2012,6725,651.21,524.96,4379387.25,3530356.00,849031.25
"Middle East and North Africa",Iran,Cereal,Offline,C,2/28/2012,767349374,4/12/2012,4587,205.70,117.11,943545.90,537183.57,406362.33
Europe,Russia,Meat,Online,H,1/28/2016,239188945,2/8/2016,179,421.89,364.69,75518.31,65279.51,10238.80
Europe,Armenia,Beverages,Offline,L,7/18/2016,727442395,9/2/2016,5225,47.45,31.79,247926.25,166102.75,81823.50
"Central America and the Caribbean","Dominican Republic",Clothes,Offline,M,8/30/2010,119658553,9/22/2010,8480,109.28,35.84,926694.40,303923.20,622771.20
"Middle East and North Africa",Turkey,Cosmetics,Offline,H,9/24/2011,423698747,10/28/2011,730,437.20,263.33,319156.00,192230.90,126925.10
"Central America and the Caribbean","Antigua and Barbuda ",Meat,Online,H,3/6/2015,117736804,3/11/2015,9792,421.89,364.69,4131146.88,3571044.48,560102.40
"Central America and the Caribbean","Saint Kitts and Nevis ",Household,Online,H,7/3/2017,900259053,8/3/2017,5514,668.27,502.54,3684840.78,2771005.56,913835.22
Asia,"North Korea",Clothes,Offline,M,6/27/2012,940064322,8/7/2012,4778,109.28,35.84,522139.84,171243.52,350896.32
"Middle East and North Africa",Qatar,Household,Offline,H,2/12/2010,726263940,3/12/2010,6494,668.27,502.54,4339745.38,3263494.76,1076250.62
Asia,Bangladesh,Vegetables,Offline,H,1/30/2010,818281733,2/24/2010,6604,154.06,90.93,1017412.24,600501.72,416910.52
Asia,Mongolia,"Office Supplies",Offline,L,2/21/2013,495854032,3/18/2013,3082,651.21,524.96,2007029.22,1617926.72,389102.50
"Central America and the Caribbean",Cuba,Clothes,Offline,M,5/2/2017,909029662,5/15/2017,933,109.28,35.84,101958.24,33438.72,68519.52
Europe,Slovenia,Snacks,Online,C,3/9/2014,128169953,4/14/2014,7192,152.58,97.44,1097355.36,700788.48,396566.88
"Middle East and North Africa",Morocco,Fruits,Online,H,3/23/2015,793948733,4/19/2015,5928,9.33,6.92,55308.24,41021.76,14286.48
Asia,Cambodia,Meat,Offline,L,4/27/2010,667352330,6/2/2010,3239,421.89,364.69,1366501.71,1181230.91,185270.80
"Central America and the Caribbean",Cuba,Beverages,Offline,M,11/30/2016,279679572,1/18/2017,2255,47.45,31.79,106999.75,71686.45,35313.30
Europe,Poland,Snacks,Offline,L,8/27/2015,682541787,9/10/2015,8137,152.58,97.44,1241543.46,792869.28,448674.18
"Central America and the Caribbean",Grenada,Meat,Offline,C,9/30/2014,297862803,10/21/2014,3078,421.89,364.69,1298577.42,1122515.82,176061.60
"Sub-Saharan Africa","Seychelles ",Beverages,Offline,H,11/25/2015,767878949,12/16/2015,1300,47.45,31.79,61685.00,41327.00,20358.00
Europe,Portugal,Meat,Offline,M,7/10/2010,205139052,7/13/2010,4059,421.89,364.69,1712451.51,1480276.71,232174.80
Europe,"Vatican City",Snacks,Online,H,10/22/2013,842504441,11/11/2013,4641,152.58,97.44,708123.78,452219.04,255904.74
"Central America and the Caribbean","Costa Rica",Cosmetics,Online,C,7/7/2015,483148944,7/21/2015,3364,437.20,263.33,1470740.80,885842.12,584898.68
Asia,Brunei,Cereal,Online,C,1/10/2014,150558888,2/17/2014,2576,205.70,117.11,529883.20,301675.36,228207.84
"Central America and the Caribbean",Nicaragua,"Personal Care",Online,L,8/4/2012,938533103,9/9/2012,1656,81.73,56.67,135344.88,93845.52,41499.36
Asia,"Sri Lanka",Cosmetics,Offline,L,7/8/2015,861182916,7/20/2015,2017,437.20,263.33,881832.40,531136.61,350695.79
"North America",Greenland,"Personal Care",Offline,C,10/24/2016,702932155,11/6/2016,2100,81.73,56.67,171633.00,119007.00,52626.00
"Sub-Saharan Africa","South Sudan",Cosmetics,Online,H,7/25/2011,868517148,9/8/2011,2379,437.20,263.33,1040098.80,626462.07,413636.73
Europe,Serbia,"Personal Care",Online,L,11/3/2014,932986724,11/6/2014,359,81.73,56.67,29341.07,20344.53,8996.54
"Central America and the Caribbean",Haiti,"Baby Food",Online,H,6/29/2012,991702210,8/17/2012,5577,255.28,159.42,1423696.56,889085.34,534611.22
"Sub-Saharan Africa",Tanzania,Beverages,Offline,C,5/14/2010,310337436,6/10/2010,4598,47.45,31.79,218175.10,146170.42,72004.68
"Sub-Saharan Africa","Seychelles ",Vegetables,Online,C,5/17/2015,474878728,7/6/2015,6023,154.06,90.93,927903.38,547671.39,380231.99
Europe,Montenegro,"Personal Care",Offline,C,7/23/2016,441624915,8/7/2016,5481,81.73,56.67,447962.13,310608.27,137353.86
Europe,Monaco,"Personal Care",Online,L,8/8/2011,587187325,9/14/2011,633,81.73,56.67,51735.09,35872.11,15862.98
Asia,"North Korea","Office Supplies",Online,H,8/10/2010,458489787,8/23/2010,6172,651.21,524.96,4019268.12,3240053.12,779215.00
Europe,Ireland,Snacks,Offline,H,3/5/2017,122768628,3/15/2017,8820,152.58,97.44,1345755.60,859420.80,486334.80
"Sub-Saharan Africa",Togo,Snacks,Online,M,1/13/2017,617572677,2/10/2017,2334,152.58,97.44,356121.72,227424.96,128696.76
"Australia and Oceania",Tuvalu,Cereal,Online,H,2/18/2012,800763261,3/23/2012,2498,205.70,117.11,513838.60,292540.78,221297.82
Europe,Luxembourg,Fruits,Online,M,10/28/2016,500514209,11/27/2016,2132,9.33,6.92,19891.56,14753.44,5138.12
"Sub-Saharan Africa",Namibia,Beverages,Offline,C,4/4/2016,965311849,5/8/2016,6082,47.45,31.79,288590.90,193346.78,95244.12
Europe,Albania,"Personal Care",Offline,C,7/25/2015,813955008,7/25/2015,6230,81.73,56.67,509177.90,353054.10,156123.80
"Sub-Saharan Africa",Burundi,Clothes,Online,L,5/16/2013,985555016,7/4/2013,6485,109.28,35.84,708680.80,232422.40,476258.40
Europe,Kosovo,Clothes,Online,C,3/1/2013,689535701,4/5/2013,7792,109.28,35.84,851509.76,279265.28,572244.48
"Central America and the Caribbean",Haiti,Clothes,Offline,H,11/28/2011,555633389,12/27/2011,3122,109.28,35.84,341172.16,111892.48,229279.68
"Australia and Oceania","New Zealand",Cereal,Online,L,6/7/2011,383896911,7/17/2011,2482,205.70,117.11,510547.40,290667.02,219880.38
"Australia and Oceania",Australia,Clothes,Online,M,8/13/2014,494687592,9/20/2014,7907,109.28,35.84,864076.96,283386.88,580690.08
Europe,Kosovo,"Baby Food",Offline,L,1/22/2014,378679263,2/26/2014,8464,255.28,159.42,2160689.92,1349330.88,811359.04
"Middle East and North Africa",Afghanistan,Meat,Offline,H,12/29/2010,946858251,12/31/2010,5252,421.89,364.69,2215766.28,1915351.88,300414.40
Europe,Hungary,"Office Supplies",Offline,L,7/2/2011,480523383,7/5/2011,6402,651.21,524.96,4169046.42,3360793.92,808252.50
Asia,Singapore,"Office Supplies",Online,C,2/25/2015,481285989,3/8/2015,2074,651.21,524.96,1350609.54,1088767.04,261842.50
"Sub-Saharan Africa",Mauritania,Fruits,Offline,L,3/26/2011,721069896,5/4/2011,9461,9.33,6.92,88271.13,65470.12,22801.01
"Sub-Saharan Africa",Niger,"Personal Care",Offline,L,10/20/2012,592111432,11/2/2012,7786,81.73,56.67,636349.78,441232.62,195117.16
"Sub-Saharan Africa",Uganda,"Baby Food",Online,C,1/23/2015,456959426,3/14/2015,3304,255.28,159.42,843445.12,526723.68,316721.44
"Central America and the Caribbean","Saint Lucia",Snacks,Online,C,4/9/2014,298475205,5/3/2014,4301,152.58,97.44,656246.58,419089.44,237157.14
Asia,Malaysia,Snacks,Offline,C,7/17/2011,169832599,7/21/2011,6095,152.58,97.44,929975.10,593896.80,336078.30
Asia,Mongolia,"Baby Food",Online,C,8/16/2016,644517934,9/4/2016,6034,255.28,159.42,1540359.52,961940.28,578419.24
"Australia and Oceania","Solomon Islands",Snacks,Offline,M,10/31/2013,566330039,12/6/2013,8499,152.58,97.44,1296777.42,828142.56,468634.86
"Australia and Oceania","Federated States of Micronesia",Vegetables,Offline,C,4/5/2011,199380242,5/11/2011,9899,154.06,90.93,1525039.94,900116.07,624923.87
"Central America and the Caribbean",Barbados,Snacks,Online,M,4/11/2014,778092372,5/20/2014,3679,152.58,97.44,561341.82,358481.76,202860.06
Europe,Belarus,Cereal,Offline,L,3/6/2014,457202756,4/2/2014,5310,205.70,117.11,1092267.00,621854.10,470412.90
"Australia and Oceania",Vanuatu,Fruits,Online,H,9/4/2014,161760222,9/24/2014,7299,9.33,6.92,68099.67,50509.08,17590.59
Europe,Macedonia,Cereal,Offline,H,12/25/2012,437126100,12/29/2012,4182,205.70,117.11,860237.40,489754.02,370483.38
"Sub-Saharan Africa",Chad,Meat,Online,M,2/27/2011,998974215,2/27/2011,7525,421.89,364.69,3174722.25,2744292.25,430430.00
"Sub-Saharan Africa","South Sudan",Cereal,Online,M,4/28/2012,283290898,6/12/2012,927,205.70,117.11,190683.90,108560.97,82122.93
Europe,Germany,Meat,Online,M,11/18/2016,396374976,11/29/2016,5019,421.89,364.69,2117465.91,1830379.11,287086.80
Europe,Romania,Vegetables,Offline,L,2/28/2011,364837777,4/6/2011,2461,154.06,90.93,379141.66,223778.73,155362.93
"Sub-Saharan Africa",Tanzania,Cereal,Offline,L,8/14/2016,185603129,10/1/2016,2945,205.70,117.11,605786.50,344888.95,260897.55
"Middle East and North Africa","Saudi Arabia",Cereal,Online,C,5/9/2010,375907361,6/9/2010,8196,205.70,117.11,1685917.20,959833.56,726083.64
Europe,"San Marino",Clothes,Offline,H,3/2/2012,623299300,3/18/2012,6969,109.28,35.84,761572.32,249768.96,511803.36
Europe,Slovenia,Fruits,Offline,M,8/26/2012,235640275,10/7/2012,49,9.33,6.92,457.17,339.08,118.09
"North America",Mexico,Snacks,Online,M,10/21/2014,391104114,11/27/2014,5253,152.58,97.44,801502.74,511852.32,289650.42
"Sub-Saharan Africa",Kenya,"Office Supplies",Online,C,2/16/2015,988177144,4/1/2015,2431,651.21,524.96,1583091.51,1276177.76,306913.75
"Sub-Saharan Africa","The Gambia",Fruits,Online,H,12/21/2014,195658195,2/1/2015,8463,9.33,6.92,78959.79,58563.96,20395.83
