Region,Country,"Item Type","Sales Channel","Order Priority","Order Date","Order ID","Ship Date","Units Sold","Unit Price","Unit Cost","Total Revenue","Total Cost","Total Profit"
"Middle East and North Africa",Kuwait,Cosmetics,Offline,M,3/1/2016,529497087,4/5/2016,8809,437.20,263.33,3851294.80,2319673.97,1531620.83
Europe,Sweden,Meat,Offline,H,8/28/2011,360644519,10/1/2011,1582,421.89,364.69,667429.98,576939.58,90490.40
Europe,"San Marino",Vegetables,Online,H,8/26/2012,717776143,9/26/2012,4766,154.06,90.93,734249.96,433372.38,300877.58
"Central America and the Caribbean","Saint Vincent and the Grenadines",Clothes,Offline,C,12/6/2012,669690787,12/11/2012,5241,109.28,35.84,572736.48,187837.44,384899.04
Europe,Romania,Meat,Offline,M,11/28/2014,705499780,11/28/2014,1917,421.89,364.69,808763.13,699110.73,109652.40
"Sub-Saharan Africa",Ethiopia,Clothes,Online,L,9/13/2010,484626948,11/2/2010,738,109.28,35.84,80648.64,26449.92,54198.72
"Middle East and North Africa",Morocco,"Baby Food",Offline,L,3/20/2016,186808621,5/5/2016,9677,255.28,159.42,2470344.56,1542707.34,927637.22
"Australia and Oceania","Samoa ",Cereal,Online,M,5/6/2014,962093627,5/29/2014,3739,205.70,117.11,769112.30,437874.29,331238.01
Asia,India,"Personal Care",Offline,H,10/4/2011,880843293,11/2/2011,9960,81.73,56.67,814030.80,564433.20,249597.60
"Sub-Saharan Africa","The Gambia","Baby Food",Offline,C,5/30/2012,783731448,7/17/2012,2407,255.28,159.42,614458.96,383723.94,230735.02
Europe,Norway,Beverages,Online,L,10/1/2013,231744420,10/28/2013,7179,47.45,31.79,340643.55,228220.41,112423.14
"Sub-Saharan Africa",Guinea-Bissau,"Personal Care",Online,C,6/30/2010,656181037,7/4/2010,7405,81.73,56.67,605210.65,419641.35,185569.30
Europe,Austria,"Office Supplies",Offline,C,7/31/2013,408652627,8/28/2013,8248,651.21,524.96,5371180.08,4329870.08,1041310.00
"Australia and Oceania","Federated States of Micronesia","Personal Care",Offline,M,1/28/2016,611083018,3/6/2016,1900,81.73,56.67,155287.00,107673.00,47614.00
"Central America and the Caribbean","Dominican Republic",Fruits,Online,H,2/10/2012,205708539,3/15/2012,2583,9.33,6.92,24099.39,17874.36,6225.03
Europe,Norway,"Personal Care",Offline,M,10/25/2015,905078017,10/30/2015,1553,81.73,56.67,126926.69,88008.51,38918.18
"Central America and the Caribbean","Trinidad and Tobago",Vegetables,Online,M,2/3/2012,442052781,2/8/2012,2096,154.06,90.93,322909.76,190589.28,132320.48
"Sub-Saharan Africa","Republic of the Congo",Household,Online,L,5/30/2013,219806659,6/25/2013,4530,668.27,502.54,3027263.10,2276506.20,750756.90
Asia,Indonesia,Vegetables,Online,C,8/5/2010,361825978,8/26/2010,1202,154.06,90.93,185180.12,109297.86,75882.26
Europe,Luxembourg,Cereal,Online,C,6/15/2014,161909568,7/19/2014,1494,205.70,117.11,307315.80,174962.34,132353.46
"North America",Greenland,"Personal Care",Online,C,2/26/2014,334168756,3/17/2014,6816,81.73,56.67,557071.68,386262.72,170808.96
Europe,Russia,Meat,Online,H,4/13/2011,763027369,5/5/2011,5610,421.89,364.69,2366802.90,2045910.90,320892.00
"Middle East and North Africa",Lebanon,Fruits,Offline,H,1/22/2016,953221738,3/12/2016,8350,9.33,6.92,77905.50,57782.00,20123.50
Asia,Laos,"Office Supplies",Online,L,4/9/2013,479800689,5/28/2013,2541,651.21,524.96,1654724.61,1333923.36,320801.25
Europe,Denmark,Vegetables,Offline,M,6/27/2011,338125550,7/23/2011,7719,154.06,90.93,1189189.14,701888.67,487300.47
"Central America and the Caribbean",Nicaragua,Fruits,Online,L,7/19/2016,693870151,8/20/2016,452,9.33,6.92,4217.16,3127.84,1089.32
Europe,Serbia,Vegetables,Online,C,8/26/2012,433020818,9/20/2012,9338,154.06,90.93,1438612.28,849104.34,589507.94
"Sub-Saharan Africa",Mozambique,Snacks,Online,M,7/23/2011,311876380,7/28/2011,6,152.58,97.44,915.48,584.64,330.84
Europe,Poland,Clothes,Online,C,12/13/2010,707048165,1/17/2011,119,109.28,35.84,13004.32,4264.96,8739.36
"Central America and the Caribbean",Cuba,Cereal,Offline,M,5/11/2013,265460002,5/25/2013,4369,205.70,117.11,898703.30,511653.59,387049.71
Europe,Belarus,Clothes,Offline,C,10/22/2014,854348218,10/29/2014,9478,109.28,35.84,1035755.84,339691.52,696064.32
Asia,Maldives,Meat,Offline,H,3/6/2016,811261641,3/21/2016,9203,421.89,364.69,3882653.67,3356242.07,526411.60
Europe,"Bosnia and Herzegovina",Cosmetics,Offline,H,11/1/2011,794061601,11/4/2011,9328,437.20,263.33,4078201.60,2456342.24,1621859.36
"Sub-Saharan Africa",Eritrea,Vegetables,Offline,H,2/22/2016,630921924,3/20/2016,2673,154.06,90.93,411802.38,243055.89,168746.49
Asia,Japan,Household,Online,L,3/31/2014,670328938,4/1/2014,4084,668.27,502.54,2729214.68,2052373.36,676841.32
"Middle East and North Africa",Syria,Household,Online,H,4/10/2011,431081473,5/13/2011,5442,668.27,502.54,3636725.34,2734822.68,901902.66
Europe,Belarus,Household,Online,C,6/6/2013,852290856,7/16/2013,659,668.27,502.54,440389.93,331173.86,109216.07
Europe,Ukraine,Fruits,Offline,H,8/16/2016,243380916,9/13/2016,676,9.33,6.92,6307.08,4677.92,1629.16
Asia,Thailand,"Office Supplies",Online,H,4/2/2010,134087979,4/20/2010,8468,651.21,524.96,5514446.28,4445361.28,1069085.00
"Sub-Saharan Africa",Djibouti,Meat,Offline,M,4/13/2011,324460875,5/1/2011,4038,421.89,364.69,1703591.82,1472618.22,230973.60
"Sub-Saharan Africa",Namibia,"Personal Care",Online,M,1/11/2015,234860932,1/11/2015,9424,81.73,56.67,770223.52,534058.08,236165.44
Europe,Bulgaria,Snacks,Offline,M,2/2/2014,255961978,2/26/2014,3692,152.58,97.44,563325.36,359748.48,203576.88
"Australia and Oceania","New Zealand",Cereal,Offline,C,4/7/2017,398750340,4/20/2017,7942,205.70,117.11,1633669.40,930087.62,703581.78
"Australia and Oceania",Kiribati,Fruits,Offline,C,6/29/2015,744524848,7/27/2015,302,9.33,6.92,2817.66,2089.84,727.82
Europe,Bulgaria,Cosmetics,Offline,H,12/3/2015,994896829,1/16/2016,935,437.20,263.33,408782.00,246213.55,162568.45
"North America",Canada,"Personal Care",Offline,C,5/27/2015,921790111,6/20/2015,7033,81.73,56.67,574807.09,398560.11,176246.98
"Australia and Oceania","Marshall Islands","Baby Food",Online,M,11/9/2011,817441022,12/24/2011,7819,255.28,159.42,1996034.32,1246504.98,749529.34
Europe,Albania,Cosmetics,Online,L,8/16/2015,144398391,9/5/2015,9548,437.20,263.33,4174385.60,2514274.84,1660110.76
"Middle East and North Africa",Afghanistan,Meat,Offline,C,5/24/2015,685523545,6/21/2015,506,421.89,364.69,213476.34,184533.14,28943.20
"Central America and the Caribbean",Dominica,Meat,Offline,L,4/12/2012,693990314,5/18/2012,6011,421.89,364.69,2535980.79,2192151.59,343829.20
Europe,Serbia,Vegetables,Online,L,1/12/2016,743285024,2/2/2016,3411,154.06,90.93,525498.66,310162.23,215336.43
Asia,Vietnam,"Office Supplies",Offline,L,12/18/2010,577206504,12/20/2010,7086,651.21,524.96,4614474.06,3719866.56,894607.50
"Sub-Saharan Africa",Ethiopia,Beverages,Online,C,9/26/2012,459866082,10/7/2012,3448,47.45,31.79,163607.60,109611.92,53995.68
"Sub-Saharan Africa","South Africa",Snacks,Offline,L,8/2/2011,725687587,8/18/2011,5938,152.58,97.44,906020.04,578598.72,327421.32
"Australia and Oceania",Tuvalu,Vegetables,Offline,L,12/9/2013,429407346,12/9/2013,31,154.06,90.93,4775.86,2818.83,1957.03
"Australia and Oceania",Nauru,Fruits,Online,C,12/12/2015,496074187,1/15/2016,8231,9.33,6.92,76795.23,56958.52,19836.71
Europe,Ukraine,Meat,Online,H,10/25/2014,571049439,10/25/2014,5074,421.89,364.69,2140669.86,1850437.06,290232.80
"Sub-Saharan Africa",Mauritania,Beverages,Offline,H,8/9/2012,370006930,9/2/2012,2128,47.45,31.79,100973.60,67649.12,33324.48
"Sub-Saharan Africa","South Africa",Cosmetics,Offline,H,6/9/2012,128932988,7/19/2012,2991,437.20,263.33,1307665.20,787620.03,520045.17
Asia,Taiwan,Beverages,Offline,L,9/21/2014,154126441,10/11/2014,8294,47.45,31.79,393550.30,263666.26,129884.04
"Sub-Saharan Africa",Senegal,Household,Offline,L,5/7/2013,372198617,5/11/2013,697,668.27,502.54,465784.19,350270.38,115513.81
"Sub-Saharan Africa",Madagascar,Beverages,Offline,C,8/20/2014,780073344,9/6/2014,9892,47.45,31.79,469375.40,314466.68,154908.72
Europe,"Vatican City",Cereal,Offline,L,10/28/2010,994986951,12/14/2010,7604,205.70,117.11,1564142.80,890504.44,673638.36
Asia,India,"Personal Care",Online,C,2/24/2014,704488265,3/17/2014,2588,81.73,56.67,211517.24,146661.96,64855.28
"Middle East and North Africa",Iraq,"Office Supplies",Offline,M,3/12/2015,116438615,4/11/2015,5629,651.21,524.96,3665661.09,2954999.84,710661.25
"Middle East and North Africa",Somalia,"Baby Food",Online,H,12/18/2016,409011828,12/20/2016,4544,255.28,159.42,1159992.32,724404.48,435587.84
Europe,Hungary,Vegetables,Online,L,12/15/2015,580694234,1/14/2016,9183,154.06,90.93,1414732.98,835010.19,579722.79
Asia,Singapore,"Office Supplies",Offline,M,7/9/2013,600284659,8/21/2013,6425,651.21,524.96,4184024.25,3372868.00,811156.25
"Sub-Saharan Africa",Tanzania,Cosmetics,Offline,L,1/27/2012,956894433,3/2/2012,5182,437.20,263.33,2265570.40,1364576.06,900994.34
"North America","United States of America",Meat,Online,L,4/22/2011,409947383,5/30/2011,1395,421.89,364.69,588536.55,508742.55,79794.00
"Sub-Saharan Africa",Malawi,Cereal,Online,L,12/23/2011,939179837,2/8/2012,3039,205.70,117.11,625122.30,355897.29,269225.01
"Sub-Saharan Africa",Ethiopia,Clothes,Online,M,2/15/2012,994640624,3/31/2012,5119,109.28,35.84,559404.32,183464.96,375939.36
Europe,Latvia,"Baby Food",Online,C,11/5/2010,446691071,12/3/2010,4669,255.28,159.42,1191902.32,744331.98,447570.34
Asia,Thailand,Meat,Online,L,2/6/2012,136005008,3/9/2012,5759,421.89,364.69,2429664.51,2100249.71,329414.80
"Middle East and North Africa",Qatar,"Personal Care",Online,M,4/29/2013,523568761,5/4/2013,4486,81.73,56.67,366640.78,254221.62,112419.16
Europe,Greece,Clothes,Offline,L,10/27/2016,340681159,11/30/2016,3980,109.28,35.84,434934.40,142643.20,292291.20
Asia,Philippines,Cosmetics,Online,L,10/21/2010,638953530,11/6/2010,9403,437.20,263.33,4110991.60,2476091.99,1634899.61
Europe,Ireland,Fruits,Offline,M,1/22/2011,740309703,3/6/2011,2947,9.33,6.92,27495.51,20393.24,7102.27
Asia,"South Korea","Baby Food",Online,H,9/19/2011,486986005,10/2/2011,8836,255.28,159.42,2255654.08,1408635.12,847018.96
Europe,Germany,"Personal Care",Offline,L,10/5/2011,691531264,10/22/2011,8323,81.73,56.67,680238.79,471664.41,208574.38
Europe,Lithuania,Beverages,Offline,C,3/29/2011,886806809,4/6/2011,4697,47.45,31.79,222872.65,149317.63,73555.02
"Sub-Saharan Africa","Republic of the Congo",Cereal,Online,M,1/19/2015,675986468,2/15/2015,8273,205.70,117.11,1701756.10,968851.03,732905.07
"Sub-Saharan Africa","Cape Verde",Household,Online,C,1/6/2014,182556569,2/3/2014,1400,668.27,502.54,935578.00,703556.00,232022.00
Asia,Uzbekistan,"Personal Care",Offline,H,5/17/2011,500315940,5/20/2011,3460,81.73,56.67,282785.80,196078.20,86707.60
"Sub-Saharan Africa","Cote d'Ivoire",Meat,Online,M,6/9/2011,543375909,6/20/2011,5861,421.89,364.69,2472697.29,2137448.09,335249.20
"North America",Mexico,Cereal,Offline,H,10/16/2015,196160304,11/28/2015,7048,205.70,117.11,1449773.60,825391.28,624382.32
"North America","United States of America",Household,Offline,M,12/9/2011,763405454,12/16/2011,7493,668.27,502.54,5007347.11,3765532.22,1241814.89
Asia,"Sri Lanka",Beverages,Offline,H,12/15/2014,920160186,12/16/2014,4702,47.45,31.79,223109.90,149476.58,73633.32
Europe,Romania,"Baby Food",Offline,M,9/10/2010,761785829,10/12/2010,8210,255.28,159.42,2095848.80,1308838.20,787010.60
"Middle East and North Africa","United Arab Emirates",Meat,Offline,M,7/26/2012,453956210,9/13/2012,4585,421.89,364.69,1934365.65,1672103.65,262262.00
Asia,China,Vegetables,Online,C,5/6/2012,682657659,5/16/2012,2426,154.06,90.93,373749.56,220596.18,153153.38
"Sub-Saharan Africa","Burkina Faso",Clothes,Offline,C,3/21/2014,404189002,4/7/2014,7363,109.28,35.84,804628.64,263889.92,540738.72
Asia,India,Snacks,Offline,C,11/12/2015,895161569,12/13/2015,7055,152.58,97.44,1076451.90,687439.20,389012.70
Europe,Armenia,"Personal Care",Online,H,3/30/2012,802499186,3/31/2012,6197,81.73,56.67,506480.81,351183.99,155296.82
Europe,"Vatican City",Clothes,Offline,M,7/14/2014,193438184,8/27/2014,1512,109.28,35.84,165231.36,54190.08,111041.28
"Middle East and North Africa","Tunisia ","Office Supplies",Online,H,1/11/2016,105527389,1/20/2016,6754,651.21,524.96,4398272.34,3545579.84,852692.50
"Sub-Saharan Africa",Mozambique,"Baby Food",Offline,H,2/6/2011,296628129,2/19/2011,7710,255.28,159.42,1968208.80,1229128.20,739080.60
Asia,Bhutan,Meat,Online,L,2/11/2014,594914233,2/20/2014,7197,421.89,364.69,3036342.33,2624673.93,411668.40
Europe,Portugal,Fruits,Online,C,3/18/2010,448872029,4/2/2010,63,9.33,6.92,587.79,435.96,151.83
"Middle East and North Africa","Saudi Arabia","Baby Food",Online,H,2/6/2012,277300345,3/12/2012,8189,255.28,159.42,2090487.92,1305490.38,784997.54
