Region,Country,"Item Type","Sales Channel","Order Priority","Order Date","Order ID","Ship Date","Units Sold","Unit Price","Unit Cost","Total Revenue","Total Cost","Total Profit"
Asia,India,Meat,Offline,C,2/15/2012,185990655,3/25/2012,7623,421.89,364.69,3216067.47,2780031.87,436035.60
Europe,Italy,Household,Online,C,4/30/2016,791509425,5/12/2016,4083,668.27,502.54,2728546.41,2051870.82,676675.59
"Sub-Saharan Africa",Mauritania,"Personal Care",Online,C,5/20/2011,848988950,6/1/2011,3552,81.73,56.67,290304.96,201291.84,89013.12
"Sub-Saharan Africa",Benin,Household,Offline,C,5/11/2012,833478057,6/15/2012,3534,668.27,502.54,2361666.18,1775976.36,585689.82
"Middle East and North Africa",Jordan,Vegetables,Online,M,9/5/2012,840338075,10/13/2012,3565,154.06,90.93,549223.90,324165.45,225058.45
Asia,India,Beverages,Offline,H,8/15/2010,135242831,9/4/2010,214,47.45,31.79,10154.30,6803.06,3351.24
"Sub-Saharan Africa",Comoros,Meat,Online,C,2/3/2013,304178655,3/18/2013,2078,421.89,364.69,876687.42,757825.82,118861.60
"Middle East and North Africa",Algeria,Vegetables,Offline,L,9/16/2016,303444373,9/18/2016,4788,154.06,90.93,737639.28,435372.84,302266.44
"Middle East and North Africa",Iran,"Office Supplies",Offline,L,8/1/2011,509651315,8/14/2011,6004,651.21,524.96,3909864.84,3151859.84,758005.00
"Australia and Oceania","Papua New Guinea",Clothes,Online,H,5/22/2015,469723308,6/17/2015,420,109.28,35.84,45897.60,15052.80,30844.80
"Central America and the Caribbean",Panama,Fruits,Online,H,7/30/2016,250896680,8/1/2016,4758,9.33,6.92,44392.14,32925.36,11466.78
"Central America and the Caribbean","Saint Vincent and the Grenadines",Household,Offline,H,1/13/2016,890720260,2/29/2016,2773,668.27,502.54,1853112.71,1393543.42,459569.29
Europe,Kosovo,Snacks,Offline,M,9/10/2015,347055375,10/3/2015,253,152.58,97.44,38602.74,24652.32,13950.42
"Central America and the Caribbean",Honduras,Meat,Offline,C,10/9/2014,248075854,11/14/2014,13,421.89,364.69,5484.57,4740.97,743.60
"Australia and Oceania",Tuvalu,"Baby Food",Offline,M,7/24/2013,942268025,7/25/2013,6903,255.28,159.42,1762197.84,1100476.26,661721.58
"Central America and the Caribbean","Antigua and Barbuda ",Cereal,Offline,H,3/12/2017,148430716,4/6/2017,2802,205.70,117.11,576371.40,328142.22,248229.18
"Middle East and North Africa",Syria,"Baby Food",Offline,L,9/22/2016,605675256,10/18/2016,1622,255.28,159.42,414064.16,258579.24,155484.92
Europe,Italy,Fruits,Offline,H,8/21/2015,623425471,8/30/2015,4306,9.33,6.92,40174.98,29797.52,10377.46
"Middle East and North Africa",Jordan,Cereal,Online,L,11/24/2010,831417691,1/10/2011,3826,205.70,117.11,787008.20,448062.86,338945.34
Europe,Andorra,Household,Offline,C,11/28/2011,129700744,1/13/2012,187,668.27,502.54,124966.49,93974.98,30991.51
Asia,Uzbekistan,"Baby Food",Offline,M,12/22/2013,638635957,1/19/2014,5426,255.28,159.42,1385149.28,865012.92,520136.36
"Sub-Saharan Africa",Benin,"Office Supplies",Offline,H,4/10/2017,948897159,4/13/2017,8611,651.21,524.96,5607569.31,4520430.56,1087138.75
"Central America and the Caribbean",Panama,"Personal Care",Offline,C,6/16/2015,171470677,8/1/2015,839,81.73,56.67,68571.47,47546.13,21025.34
"Middle East and North Africa",Pakistan,"Personal Care",Online,M,8/10/2014,187655341,8/26/2014,240,81.73,56.67,19615.20,13600.80,6014.40
Europe,Serbia,Cosmetics,Online,L,4/21/2014,699062478,5/30/2014,6977,437.20,263.33,3050344.40,1837253.41,1213090.99
"Sub-Saharan Africa","South Africa",Cereal,Offline,C,5/26/2011,577615916,6/22/2011,8240,205.70,117.11,1694968.00,964986.40,729981.60
"Sub-Saharan Africa",Djibouti,Snacks,Online,M,5/19/2011,115551984,5/26/2011,3255,152.58,97.44,496647.90,317167.20,179480.70
"Sub-Saharan Africa",Madagascar,Fruits,Offline,C,1/6/2017,575419509,2/19/2017,8275,9.33,6.92,77205.75,57263.00,19942.75
"Sub-Saharan Africa",Cameroon,"Personal Care",Online,C,12/31/2016,140079820,1/14/2017,1586,81.73,56.67,129623.78,89878.62,39745.16
Europe,Macedonia,"Office Supplies",Online,M,6/11/2012,662706744,7/17/2012,8507,651.21,524.96,5539843.47,4465834.72,1074008.75
"Sub-Saharan Africa",Swaziland,"Baby Food",Offline,H,2/5/2013,916786611,3/15/2013,6386,255.28,159.42,1630218.08,1018056.12,612161.96
Europe,Lithuania,Household,Offline,C,11/6/2010,646118247,12/13/2010,9602,668.27,502.54,6416728.54,4825389.08,1591339.46
"Middle East and North Africa",Afghanistan,"Personal Care",Offline,M,10/13/2013,114812982,10/27/2013,4568,81.73,56.67,373342.64,258868.56,114474.08
"Sub-Saharan Africa","Cape Verde",Snacks,Offline,C,2/19/2012,557294642,3/30/2012,4724,152.58,97.44,720787.92,460306.56,260481.36
Europe,Switzerland,Vegetables,Online,C,5/3/2012,128299558,6/18/2012,5545,154.06,90.93,854262.70,504206.85,350055.85
Europe,Poland,Fruits,Offline,C,7/16/2010,652876555,7/18/2010,9536,9.33,6.92,88970.88,65989.12,22981.76
Europe,Andorra,Fruits,Online,C,7/7/2011,876386964,8/22/2011,1233,9.33,6.92,11503.89,8532.36,2971.53
Asia,Tajikistan,Vegetables,Online,H,4/30/2017,514504611,6/15/2017,2203,154.06,90.93,339394.18,200318.79,139075.39
Asia,Bangladesh,"Baby Food",Online,C,12/16/2015,703215825,1/24/2016,6045,255.28,159.42,1543167.60,963693.90,579473.70
Europe,Germany,Cereal,Offline,L,5/18/2015,848819434,7/7/2015,3388,205.70,117.11,696911.60,396768.68,300142.92
Europe,Slovakia,"Baby Food",Online,H,1/21/2017,877926766,2/5/2017,6895,255.28,159.42,1760155.60,1099200.90,660954.70
Asia,Nepal,Vegetables,Online,H,3/3/2012,787461650,3/14/2012,6256,154.06,90.93,963799.36,568858.08,394941.28
"Sub-Saharan Africa",Guinea-Bissau,Vegetables,Offline,H,9/3/2015,194660413,9/28/2015,3197,154.06,90.93,492529.82,290703.21,201826.61
Europe,Switzerland,"Office Supplies",Offline,H,1/30/2017,587071883,3/7/2017,6471,651.21,524.96,4213979.91,3397016.16,816963.75
"Middle East and North Africa",Iran,Beverages,Offline,H,7/22/2014,372557389,8/24/2014,6865,47.45,31.79,325744.25,218238.35,107505.90
Asia,India,Snacks,Online,H,2/4/2011,729290759,3/21/2011,2197,152.58,97.44,335218.26,214075.68,121142.58
"Middle East and North Africa",Qatar,Vegetables,Online,C,10/10/2010,655758321,10/22/2010,2314,154.06,90.93,356494.84,210412.02,146082.82
Europe,Cyprus,Meat,Offline,C,12/11/2014,120758903,12/29/2014,4098,421.89,364.69,1728905.22,1494499.62,234405.60
"Sub-Saharan Africa",Ethiopia,Cosmetics,Online,C,11/14/2010,513403832,11/18/2010,6458,437.20,263.33,2823437.60,1700585.14,1122852.46
Europe,Cyprus,Fruits,Online,H,5/24/2013,593116939,5/26/2013,5337,9.33,6.92,49794.21,36932.04,12862.17
"Sub-Saharan Africa",Guinea-Bissau,Meat,Offline,L,9/13/2015,539634549,9/21/2015,8710,421.89,364.69,3674661.90,3176449.90,498212.00
"Middle East and North Africa",Lebanon,"Personal Care",Online,M,10/29/2015,603005492,11/3/2015,1580,81.73,56.67,129133.40,89538.60,39594.80
"Central America and the Caribbean",Haiti,Cereal,Online,M,11/13/2012,653591096,12/22/2012,984,205.70,117.11,202408.80,115236.24,87172.56
Europe,Kosovo,Clothes,Online,C,10/14/2010,632065188,11/28/2010,990,109.28,35.84,108187.20,35481.60,72705.60
"Sub-Saharan Africa",Mauritania,Snacks,Online,C,8/5/2014,999414098,8/26/2014,7696,152.58,97.44,1174255.68,749898.24,424357.44
"Central America and the Caribbean","The Bahamas",Clothes,Online,C,6/11/2011,486936652,6/15/2011,4231,109.28,35.84,462363.68,151639.04,310724.64
"Middle East and North Africa",Iraq,Beverages,Offline,C,4/7/2012,146244180,5/21/2012,5757,47.45,31.79,273169.65,183015.03,90154.62
"Central America and the Caribbean",Nicaragua,Meat,Offline,C,2/17/2010,199260509,3/17/2010,4467,421.89,364.69,1884582.63,1629070.23,255512.40
"Sub-Saharan Africa","The Gambia","Personal Care",Offline,L,4/26/2014,488221967,5/4/2014,4584,81.73,56.67,374650.32,259775.28,114875.04
"Sub-Saharan Africa",Liberia,"Office Supplies",Offline,M,3/25/2016,925677382,4/18/2016,7363,651.21,524.96,4794859.23,3865280.48,929578.75
"Sub-Saharan Africa","Sao Tome and Principe",Clothes,Offline,H,12/4/2015,144488084,12/31/2015,6090,109.28,35.84,665515.20,218265.60,447249.60
Europe,Poland,Clothes,Offline,C,9/21/2010,447827899,10/1/2010,1082,109.28,35.84,118240.96,38778.88,79462.08
Asia,Bhutan,Cereal,Online,L,2/28/2014,159183156,3/27/2014,4688,205.70,117.11,964321.60,549011.68,415309.92
Europe,"Bosnia and Herzegovina","Personal Care",Online,C,5/3/2014,372352683,5/23/2014,6288,81.73,56.67,513918.24,356340.96,157577.28
Asia,Indonesia,Beverages,Offline,M,7/24/2015,901447808,9/9/2015,7293,47.45,31.79,346052.85,231844.47,114208.38
"Middle East and North Africa",Yemen,Household,Online,C,11/5/2011,730892360,12/25/2011,6146,668.27,502.54,4107187.42,3088610.84,1018576.58
"Australia and Oceania","Samoa ","Office Supplies",Offline,H,5/31/2013,265422666,7/6/2013,3320,651.21,524.96,2162017.20,1742867.20,419150.00
Europe,Ukraine,"Personal Care",Online,L,8/15/2012,880087554,8/18/2012,6320,81.73,56.67,516533.60,358154.40,158379.20
Asia,Uzbekistan,Meat,Offline,L,6/20/2010,870248353,6/29/2010,4681,421.89,364.69,1974867.09,1707113.89,267753.20
Europe,"San Marino","Personal Care",Offline,C,10/16/2012,401578891,10/18/2012,4973,81.73,56.67,406443.29,281819.91,124623.38
Asia,Laos,Beverages,Offline,H,5/14/2011,160065495,6/26/2011,5792,47.45,31.79,274830.40,184127.68,90702.72
"Sub-Saharan Africa",Mozambique,Household,Offline,M,5/18/2010,902006995,6/16/2010,2769,668.27,502.54,1850439.63,1391533.26,458906.37
"Central America and the Caribbean",Barbados,Beverages,Online,C,1/29/2015,304014718,2/22/2015,3566,47.45,31.79,169206.70,113363.14,55843.56
Europe,Serbia,Household,Offline,H,11/8/2012,613012492,12/6/2012,2874,668.27,502.54,1920607.98,1444299.96,476308.02
"Sub-Saharan Africa","Burkina Faso",Household,Offline,L,11/19/2014,996236646,11/24/2014,7417,668.27,502.54,4956558.59,3727339.18,1229219.41
"Central America and the Caribbean",Panama,"Baby Food",Offline,H,6/18/2014,691236007,6/24/2014,950,255.28,159.42,242516.00,151449.00,91067.00
"Sub-Saharan Africa","Democratic Republic of the Congo",Cosmetics,Offline,H,7/15/2013,355871903,9/2/2013,9259,437.20,263.33,4048034.80,2438172.47,1609862.33
"Sub-Saharan Africa","Central African Republic",Cereal,Online,M,4/28/2011,718318164,6/2/2011,5162,205.70,117.11,1061823.40,604521.82,457301.58
"Middle East and North Africa",Qatar,Cereal,Online,L,9/6/2015,327061116,10/7/2015,3507,205.70,117.11,721389.90,410704.77,310685.13
Europe,Georgia,Snacks,Online,M,8/7/2016,500899589,9/20/2016,6174,152.58,97.44,942028.92,601594.56,340434.36
Asia,Brunei,Household,Offline,M,9/15/2012,378944909,10/25/2012,7074,668.27,502.54,4727341.98,3554967.96,1172374.02
Europe,"Vatican City",Cereal,Offline,C,1/22/2015,970620906,2/19/2015,7150,205.70,117.11,1470755.00,837336.50,633418.50
Asia,Tajikistan,Cosmetics,Offline,H,1/18/2013,205663907,2/15/2013,9375,437.20,263.33,4098750.00,2468718.75,1630031.25
Europe,Latvia,Vegetables,Offline,L,1/28/2016,584122741,3/15/2016,3754,154.06,90.93,578341.24,341351.22,236990.02
"Sub-Saharan Africa","Sao Tome and Principe",Meat,Online,C,11/18/2011,626358735,11/24/2011,2324,421.89,364.69,980472.36,847539.56,132932.80
Europe,Ireland,Beverages,Online,L,10/11/2015,723045718,10/29/2015,4151,47.45,31.79,196964.95,131960.29,65004.66
"Sub-Saharan Africa","The Gambia",Vegetables,Offline,M,11/6/2013,885170018,11/9/2013,334,154.06,90.93,51456.04,30370.62,21085.42
"Middle East and North Africa",Algeria,Clothes,Online,H,3/7/2012,294030463,4/1/2012,9003,109.28,35.84,983847.84,322667.52,661180.32
"Central America and the Caribbean","Saint Kitts and Nevis ",Beverages,Offline,M,5/6/2010,451238381,5/12/2010,319,47.45,31.79,15136.55,10141.01,4995.54
"Central America and the Caribbean","Saint Vincent and the Grenadines",Clothes,Offline,L,10/8/2012,228717601,10/19/2012,1476,109.28,35.84,161297.28,52899.84,108397.44
"North America",Mexico,"Personal Care",Offline,H,5/16/2017,818704450,6/1/2017,1695,81.73,56.67,138532.35,96055.65,42476.70
Asia,Kazakhstan,Vegetables,Offline,C,10/12/2011,783747756,11/17/2011,7232,154.06,90.93,1114161.92,657605.76,456556.16
"Sub-Saharan Africa",Kenya,Cosmetics,Online,C,12/19/2014,106708848,2/4/2015,6374,437.20,263.33,2786712.80,1678465.42,1108247.38
"Sub-Saharan Africa","The Gambia",Snacks,Online,C,11/25/2012,640761554,12/11/2012,4438,152.58,97.44,677150.04,432438.72,244711.32
"Sub-Saharan Africa",Tanzania,Vegetables,Online,L,5/4/2015,259392201,5/28/2015,8772,154.06,90.93,1351414.32,797637.96,553776.36
Europe,Russia,Fruits,Offline,C,2/27/2014,506399619,4/5/2014,3755,9.33,6.92,35034.15,25984.60,9049.55
"Sub-Saharan Africa",Burundi,Meat,Offline,C,6/16/2017,745895135,7/22/2017,5801,421.89,364.69,2447383.89,2115566.69,331817.20
Asia,Singapore,"Office Supplies",Offline,M,6/17/2015,412302577,7/28/2015,8350,651.21,524.96,5437603.50,4383416.00,1054187.50
"Middle East and North Africa",Libya,Clothes,Offline,C,8/10/2014,360358273,9/13/2014,6876,109.28,35.84,751409.28,246435.84,504973.44
"Sub-Saharan Africa",Nigeria,Clothes,Online,H,1/14/2011,615111052,2/19/2011,3884,109.28,35.84,424443.52,139202.56,285240.96
