Region,Country,"Item Type","Sales Channel","Order Priority","Order Date","Order ID","Ship Date","Units Sold","Unit Price","Unit Cost","Total Revenue","Total Cost","Total Profit"
"Sub-Saharan Africa",Madagascar,Clothes,Online,C,11/11/2014,314043176,12/15/2014,1209,109.28,35.84,132119.52,43330.56,88788.96
"Middle East and North Africa",Kuwait,Clothes,Online,L,9/9/2011,175348079,10/23/2011,8248,109.28,35.84,901341.44,295608.32,605733.12
"Sub-Saharan Africa","Central African Republic","Personal Care",Online,H,10/1/2015,845644986,10/4/2015,3998,81.73,56.67,326756.54,226566.66,100189.88
"Sub-Saharan Africa",Zimbabwe,"Personal Care",Offline,H,9/22/2013,324982726,10/15/2013,8465,81.73,56.67,691844.45,479711.55,212132.90
Europe,Finland,Household,Offline,H,1/28/2016,733722627,2/19/2016,3685,668.27,502.54,2462574.95,1851859.90,610715.05
"Sub-Saharan Africa","South Sudan",Cereal,Online,C,5/24/2015,662538516,6/4/2015,8725,205.70,117.11,1794732.50,1021784.75,772947.75
Europe,Austria,"Personal Care",Offline,L,11/29/2012,122416722,12/12/2012,4683,81.73,56.67,382741.59,265385.61,117355.98
"Sub-Saharan Africa","The Gambia",Fruits,Online,M,9/17/2014,994656074,10/28/2014,9690,9.33,6.92,90407.70,67054.80,23352.90
Europe,Estonia,Clothes,Online,H,10/17/2012,280867898,11/4/2012,3907,109.28,35.84,426956.96,140026.88,286930.08
Europe,Serbia,Beverages,Offline,C,8/4/2011,452976024,8/11/2011,4526,47.45,31.79,214758.70,143881.54,70877.16
"North America",Greenland,Vegetables,Offline,H,8/1/2016,903216779,9/5/2016,771,154.06,90.93,118780.26,70107.03,48673.23
"Middle East and North Africa",Qatar,"Personal Care",Offline,M,5/28/2015,194138991,6/13/2015,8897,81.73,56.67,727151.81,504192.99,222958.82
"Middle East and North Africa",Israel,Cosmetics,Online,L,11/19/2011,108603990,12/18/2011,7189,437.20,263.33,3143030.80,1893079.37,1249951.43
Europe,Malta,Meat,Offline,L,9/16/2014,699785602,10/26/2014,965,421.89,364.69,407123.85,351925.85,55198.00
"Sub-Saharan Africa",Nigeria,Beverages,Offline,L,11/29/2010,741170156,12/25/2010,7574,47.45,31.79,359386.30,240777.46,118608.84
"Sub-Saharan Africa","Equatorial Guinea",Clothes,Online,H,2/3/2015,876556479,2/10/2015,1396,109.28,35.84,152554.88,50032.64,102522.24
Europe,Belgium,Cereal,Offline,C,8/18/2012,470055902,9/1/2012,8842,205.70,117.11,1818799.40,1035486.62,783312.78
Asia,Philippines,Cereal,Offline,H,6/20/2016,756092250,7/6/2016,3354,205.70,117.11,689917.80,392786.94,297130.86
"Central America and the Caribbean",Haiti,Household,Offline,M,4/29/2010,789401853,6/13/2010,405,668.27,502.54,270649.35,203528.70,67120.65
"Sub-Saharan Africa",Cameroon,"Baby Food",Online,C,1/24/2013,595033538,2/15/2013,2502,255.28,159.42,638710.56,398868.84,239841.72
Asia,Maldives,Clothes,Offline,L,4/29/2014,718348634,5/30/2014,4179,109.28,35.84,456681.12,149775.36,306905.76
"Australia and Oceania",Australia,Snacks,Offline,L,2/28/2016,875020968,4/13/2016,7004,152.58,97.44,1068670.32,682469.76,386200.56
"Middle East and North Africa","Tunisia ",Snacks,Offline,L,2/14/2014,401036870,4/4/2014,4577,152.58,97.44,698358.66,445982.88,252375.78
Europe,Serbia,"Personal Care",Online,M,3/10/2016,502695167,3/27/2016,7526,81.73,56.67,615099.98,426498.42,188601.56
"Australia and Oceania",Fiji,"Office Supplies",Offline,M,4/4/2016,206607186,5/11/2016,8513,651.21,524.96,5543750.73,4468984.48,1074766.25
Europe,Belgium,"Baby Food",Online,H,1/26/2013,409696757,2/28/2013,7230,255.28,159.42,1845674.40,1152606.60,693067.80
"Middle East and North Africa",Egypt,"Personal Care",Offline,C,1/6/2014,729200208,2/21/2014,5401,81.73,56.67,441423.73,306074.67,135349.06
"North America",Greenland,"Personal Care",Online,C,3/6/2016,852666366,3/6/2016,1781,81.73,56.67,145561.13,100929.27,44631.86
"Middle East and North Africa",Yemen,Fruits,Offline,C,2/23/2010,987956559,4/4/2010,7155,9.33,6.92,66756.15,49512.60,17243.55
"Central America and the Caribbean",Nicaragua,Clothes,Online,M,1/25/2014,513244616,3/6/2014,9342,109.28,35.84,1020893.76,334817.28,686076.48
"Sub-Saharan Africa",Guinea-Bissau,Cereal,Online,M,11/13/2016,227016866,12/27/2016,8190,205.70,117.11,1684683.00,959130.90,725552.10
"Middle East and North Africa",Syria,"Office Supplies",Online,H,4/29/2012,998072135,5/31/2012,579,651.21,524.96,377050.59,303951.84,73098.75
Europe,Slovakia,Meat,Online,H,6/5/2010,615521752,7/22/2010,5420,421.89,364.69,2286643.80,1976619.80,310024.00
Europe,Cyprus,Vegetables,Online,M,11/12/2010,538789546,12/3/2010,8655,154.06,90.93,1333389.30,786999.15,546390.15
Europe,Romania,"Personal Care",Online,M,5/26/2014,947611844,5/26/2014,8258,81.73,56.67,674926.34,467980.86,206945.48
Asia,India,Cereal,Offline,M,6/29/2011,292037475,7/15/2011,9233,205.70,117.11,1899228.10,1081276.63,817951.47
Asia,Bangladesh,Vegetables,Offline,H,5/22/2016,242427766,6/8/2016,8618,154.06,90.93,1327689.08,783634.74,544054.34
"Sub-Saharan Africa",Lesotho,"Baby Food",Online,L,4/30/2010,739456546,6/6/2010,479,255.28,159.42,122279.12,76362.18,45916.94
"Central America and the Caribbean","Trinidad and Tobago","Office Supplies",Online,L,6/20/2013,444110143,7/13/2013,915,651.21,524.96,595857.15,480338.40,115518.75
Europe,Andorra,"Baby Food",Offline,L,12/18/2012,787687385,12/31/2012,3056,255.28,159.42,780135.68,487187.52,292948.16
"Middle East and North Africa",Oman,Cereal,Online,H,3/5/2012,121799600,3/12/2012,2063,205.70,117.11,424359.10,241597.93,182761.17
Europe,"Moldova ",Beverages,Online,L,9/29/2011,468370616,11/11/2011,128,47.45,31.79,6073.60,4069.12,2004.48
"Sub-Saharan Africa",Ethiopia,"Personal Care",Offline,H,5/15/2013,769636762,6/5/2013,1476,81.73,56.67,120633.48,83644.92,36988.56
Europe,Lithuania,Vegetables,Online,C,1/15/2016,938146865,2/15/2016,7360,154.06,90.93,1133881.60,669244.80,464636.80
"North America",Greenland,Snacks,Online,C,3/23/2012,506762254,4/18/2012,1067,152.58,97.44,162802.86,103968.48,58834.38
"Central America and the Caribbean","Saint Vincent and the Grenadines","Office Supplies",Offline,C,5/28/2014,878656756,7/15/2014,2915,651.21,524.96,1898277.15,1530258.40,368018.75
"Middle East and North Africa",Afghanistan,Meat,Offline,M,5/22/2013,377316701,5/22/2013,5251,421.89,364.69,2215344.39,1914987.19,300357.20
"Sub-Saharan Africa",Mozambique,Cosmetics,Online,H,6/5/2012,996540915,7/1/2012,7457,437.20,263.33,3260200.40,1963651.81,1296548.59
Europe,Hungary,Beverages,Online,L,10/29/2015,750440728,11/29/2015,943,47.45,31.79,44745.35,29977.97,14767.38
"Sub-Saharan Africa","Seychelles ",Meat,Offline,H,1/9/2010,423439967,1/18/2010,4151,421.89,364.69,1751265.39,1513828.19,237437.20
"Middle East and North Africa","United Arab Emirates",Vegetables,Online,C,10/27/2012,420274960,11/16/2012,7555,154.06,90.93,1163923.30,686976.15,476947.15
"Australia and Oceania",Fiji,Beverages,Online,L,7/27/2016,315994536,8/2/2016,8660,47.45,31.79,410917.00,275301.40,135615.60
Asia,Tajikistan,Meat,Online,M,9/12/2014,205960023,10/12/2014,7003,421.89,364.69,2954495.67,2553924.07,400571.60
Europe,Romania,"Personal Care",Offline,M,1/16/2013,255845248,2/21/2013,9149,81.73,56.67,747747.77,518473.83,229273.94
Europe,Spain,Fruits,Offline,L,12/14/2010,251636540,1/20/2011,3699,9.33,6.92,34511.67,25597.08,8914.59
Asia,Uzbekistan,Household,Online,H,8/10/2012,949632728,9/10/2012,6282,668.27,502.54,4198072.14,3156956.28,1041115.86
"Middle East and North Africa",Kuwait,Snacks,Online,H,9/12/2015,926445138,10/12/2015,4559,152.58,97.44,695612.22,444228.96,251383.26
"Sub-Saharan Africa","South Africa",Snacks,Offline,C,3/6/2015,628997600,4/10/2015,3222,152.58,97.44,491612.76,313951.68,177661.08
"Middle East and North Africa","United Arab Emirates",Meat,Online,H,8/24/2014,124526441,9/2/2014,8996,421.89,364.69,3795322.44,3280751.24,514571.20
"Sub-Saharan Africa","Sao Tome and Principe",Household,Offline,L,12/24/2014,450580489,12/30/2014,5634,668.27,502.54,3765033.18,2831310.36,933722.82
Asia,Bangladesh,Cereal,Online,C,7/19/2010,465021073,8/28/2010,8924,205.70,117.11,1835666.80,1045089.64,790577.16
Europe,Slovakia,Meat,Offline,M,9/19/2015,896022021,10/3/2015,1683,421.89,364.69,710040.87,613773.27,96267.60
"Australia and Oceania",Palau,Vegetables,Online,H,8/15/2015,292069661,9/30/2015,8758,154.06,90.93,1349257.48,796364.94,552892.54
Europe,Romania,Fruits,Online,L,5/27/2015,871962821,7/7/2015,2031,9.33,6.92,18949.23,14054.52,4894.71
"Australia and Oceania","Marshall Islands",Meat,Online,L,9/7/2013,874812829,9/24/2013,5411,421.89,364.69,2282846.79,1973337.59,309509.20
"Sub-Saharan Africa","Republic of the Congo",Household,Online,H,12/12/2013,410043513,1/12/2014,9843,668.27,502.54,6577781.61,4946501.22,1631280.39
Asia,Bangladesh,Beverages,Online,C,3/2/2013,107391202,3/5/2013,8298,47.45,31.79,393740.10,263793.42,129946.68
Europe,Lithuania,"Office Supplies",Online,L,2/28/2013,666904723,4/12/2013,783,651.21,524.96,509897.43,411043.68,98853.75
Europe,"Moldova ",Vegetables,Offline,M,10/26/2016,608945405,11/14/2016,9332,154.06,90.93,1437687.92,848558.76,589129.16
"Australia and Oceania",Palau,Household,Offline,H,9/26/2016,324187076,11/9/2016,3015,668.27,502.54,2014834.05,1515158.10,499675.95
"Sub-Saharan Africa",Lesotho,"Office Supplies",Online,C,2/22/2014,723616063,4/3/2014,2928,651.21,524.96,1906742.88,1537082.88,369660.00
Asia,Laos,"Personal Care",Online,C,2/14/2015,988531196,3/4/2015,7203,81.73,56.67,588701.19,408194.01,180507.18
"Sub-Saharan Africa","Sierra Leone",Household,Online,M,9/4/2011,820543801,9/8/2011,6000,668.27,502.54,4009620.00,3015240.00,994380.00
"Central America and the Caribbean",Panama,Clothes,Online,M,10/20/2015,891577708,10/30/2015,6512,109.28,35.84,711631.36,233390.08,478241.28
"Sub-Saharan Africa","Democratic Republic of the Congo",Fruits,Offline,L,4/10/2010,593869245,4/23/2010,7961,9.33,6.92,74276.13,55090.12,19186.01
"Sub-Saharan Africa",Senegal,Snacks,Offline,M,1/2/2013,289967238,1/29/2013,6604,152.58,97.44,1007638.32,643493.76,364144.56
"Central America and the Caribbean","Trinidad and Tobago",Beverages,Online,L,9/8/2012,862733018,10/8/2012,727,47.45,31.79,34496.15,23111.33,11384.82
Asia,Vietnam,"Baby Food",Online,C,6/7/2010,565340411,7/16/2010,5646,255.28,159.42,1441310.88,900085.32,541225.56
"Middle East and North Africa",Oman,"Office Supplies",Online,H,12/27/2015,871275746,1/27/2016,8710,651.21,524.96,5672039.10,4572401.60,1099637.50
"Middle East and North Africa",Iraq,"Office Supplies",Online,H,9/2/2013,624337852,9/28/2013,4299,651.21,524.96,2799551.79,2256803.04,542748.75
"Middle East and North Africa",Libya,Cosmetics,Offline,C,7/27/2011,988638055,7/31/2011,8825,437.20,263.33,3858290.00,2323887.25,1534402.75
"Sub-Saharan Africa",Swaziland,Clothes,Online,L,1/22/2015,498600184,2/27/2015,5729,109.28,35.84,626065.12,205327.36,420737.76
"Sub-Saharan Africa","Burkina Faso",Fruits,Online,M,6/8/2015,908960568,6/9/2015,486,9.33,6.92,4534.38,3363.12,1171.26
Europe,Netherlands,"Personal Care",Online,H,5/28/2016,444768035,6/20/2016,5600,81.73,56.67,457688.00,317352.00,140336.00
"Australia and Oceania",Fiji,Household,Online,M,3/10/2015,551383912,4/15/2015,5607,668.27,502.54,3746989.89,2817741.78,929248.11
Europe,Andorra,Fruits,Online,C,11/1/2013,944482028,11/10/2013,2075,9.33,6.92,19359.75,14359.00,5000.75
Europe,Switzerland,Beverages,Online,H,6/22/2015,960048711,7/24/2015,8603,47.45,31.79,408212.35,273489.37,134722.98
Asia,"South Korea","Personal Care",Offline,L,12/7/2012,904382789,1/3/2013,5819,81.73,56.67,475586.87,329762.73,145824.14
"Middle East and North Africa",Pakistan,"Personal Care",Online,H,4/4/2015,704095590,5/4/2015,6386,81.73,56.67,521927.78,361894.62,160033.16
"Sub-Saharan Africa","Republic of the Congo","Personal Care",Online,M,8/13/2013,356110942,9/1/2013,9996,81.73,56.67,816973.08,566473.32,250499.76
Asia,Tajikistan,Clothes,Online,C,5/25/2015,377665174,6/25/2015,8372,109.28,35.84,914892.16,300052.48,614839.68
Europe,Malta,"Personal Care",Online,M,2/10/2010,456307113,3/26/2010,270,81.73,56.67,22067.10,15300.90,6766.20
Europe,Spain,Fruits,Offline,H,1/25/2011,799898087,3/14/2011,6474,9.33,6.92,60402.42,44800.08,15602.34
"Central America and the Caribbean",Haiti,"Baby Food",Online,M,9/11/2013,786611926,10/2/2013,4804,255.28,159.42,1226365.12,765853.68,460511.44
"Sub-Saharan Africa",Zimbabwe,Snacks,Offline,M,6/29/2014,314934957,7/4/2014,5107,152.58,97.44,779226.06,497626.08,281599.98
"Australia and Oceania",Nauru,Snacks,Offline,C,10/22/2014,253666007,11/23/2014,4263,152.58,97.44,650448.54,415386.72,235061.82
"Middle East and North Africa",Bahrain,Snacks,Online,L,1/21/2017,191916406,3/6/2017,1184,152.58,97.44,180654.72,115368.96,65285.76
Europe,Iceland,Snacks,Offline,L,5/12/2013,689109981,6/4/2013,1812,152.58,97.44,276474.96,176561.28,99913.68
Europe,Belgium,"Office Supplies",Offline,L,1/20/2012,124983060,2/3/2012,4120,651.21,524.96,2682985.20,2162835.20,520150.00
Asia,"North Korea",Meat,Online,L,3/1/2011,549584472,3/1/2011,3113,421.89,364.69,1313343.57,1135279.97,178063.60
