Region,Country,"Item Type","Sales Channel","Order Priority","Order Date","Order ID","Ship Date","Units Sold","Unit Price","Unit Cost","Total Revenue","Total Cost","Total Profit"
"Sub-Saharan Africa","Central African Republic",Vegetables,Offline,M,5/15/2013,150298821,6/11/2013,5616,154.06,90.93,865200.96,510662.88,354538.08
"Sub-Saharan Africa",Gabon,Cereal,Online,C,2/14/2015,279889857,2/18/2015,4483,205.70,117.11,922153.10,525004.13,397148.97
"Australia and Oceania","New Zealand",Snacks,Online,M,3/17/2010,775504148,3/23/2010,7766,152.58,97.44,1184936.28,756719.04,428217.24
"Middle East and North Africa",Bahrain,Meat,Offline,M,6/27/2017,762190520,6/30/2017,7967,421.89,364.69,3361197.63,2905485.23,455712.40
Asia,Thailand,Beverages,Online,L,6/15/2011,785310304,7/14/2011,9625,47.45,31.79,456706.25,305978.75,150727.50
"Australia and Oceania","Samoa ",Cereal,Offline,L,11/18/2016,560537326,11/24/2016,4306,205.70,117.11,885744.20,504275.66,381468.54
"Sub-Saharan Africa",Ethiopia,"Office Supplies",Online,M,3/7/2014,323857915,3/28/2014,5609,651.21,524.96,3652636.89,2944500.64,708136.25
"Sub-Saharan Africa","Seychelles ",Clothes,Online,L,4/29/2011,381570899,6/15/2011,4163,109.28,35.84,454932.64,149201.92,305730.72
"Central America and the Caribbean",Nicaragua,Meat,Online,C,5/8/2017,660287606,5/28/2017,2631,421.89,364.69,1109992.59,959499.39,150493.20
"Sub-Saharan Africa",Ethiopia,"Office Supplies",Offline,H,11/13/2015,256931865,12/1/2015,703,651.21,524.96,457800.63,369046.88,88753.75
"Sub-Saharan Africa","Mauritius ","Personal Care",Offline,L,4/2/2014,588740003,5/1/2014,105,81.73,56.67,8581.65,5950.35,2631.30
"Sub-Saharan Africa",Mauritania,Meat,Offline,L,3/3/2017,443260848,4/1/2017,9590,421.89,364.69,4045925.10,3497377.10,548548.00
"Central America and the Caribbean",Haiti,Vegetables,Online,C,3/16/2015,928355729,3/24/2015,9945,154.06,90.93,1532126.70,904298.85,627827.85
Europe,"San Marino",Vegetables,Online,L,5/12/2011,522198474,6/29/2011,8988,154.06,90.93,1384691.28,817278.84,567412.44
"Central America and the Caribbean",Barbados,Meat,Offline,M,4/13/2017,923275411,5/20/2017,6566,421.89,364.69,2770129.74,2394554.54,375575.20
Europe,Malta,"Baby Food",Online,L,8/8/2011,300385367,8/15/2011,9560,255.28,159.42,2440476.80,1524055.20,916421.60
Europe,Serbia,Meat,Offline,L,11/16/2011,942639672,11/17/2011,6881,421.89,364.69,2903025.09,2509431.89,393593.20
"Central America and the Caribbean",Belize,Cosmetics,Online,H,3/25/2010,709462153,3/27/2010,4472,437.20,263.33,1955158.40,1177611.76,777546.64
Europe,Lithuania,Meat,Online,H,12/28/2014,680589139,1/1/2015,305,421.89,364.69,128676.45,111230.45,17446.00
Asia,Philippines,"Office Supplies",Offline,L,8/15/2016,206069457,9/24/2016,9387,651.21,524.96,6112908.27,4927799.52,1185108.75
"Central America and the Caribbean","Saint Lucia",Vegetables,Online,H,3/25/2014,956264436,4/1/2014,8752,154.06,90.93,1348333.12,795819.36,552513.76
Europe,Monaco,"Baby Food",Online,M,10/6/2011,171847903,11/16/2011,2468,255.28,159.42,630031.04,393448.56,236582.48
"Sub-Saharan Africa",Ethiopia,Clothes,Online,M,3/28/2014,113806188,5/5/2014,6635,109.28,35.84,725072.80,237798.40,487274.40
"Middle East and North Africa","Tunisia ","Baby Food",Online,L,5/19/2016,413438117,6/24/2016,4381,255.28,159.42,1118381.68,698419.02,419962.66
Europe,Switzerland,"Baby Food",Online,L,12/24/2013,322355020,1/27/2014,869,255.28,159.42,221838.32,138535.98,83302.34
Europe,Russia,Cosmetics,Offline,C,4/1/2015,962480723,4/21/2015,8289,437.20,263.33,3623950.80,2182742.37,1441208.43
"Australia and Oceania",Tonga,"Office Supplies",Online,H,4/25/2014,376051557,6/10/2014,867,651.21,524.96,564599.07,455140.32,109458.75
Europe,Andorra,"Baby Food",Offline,L,3/2/2010,275616347,3/2/2010,9857,255.28,159.42,2516294.96,1571402.94,944892.02
Europe,"San Marino",Clothes,Online,C,6/3/2010,194036424,7/11/2010,8545,109.28,35.84,933797.60,306252.80,627544.80
Asia,Nepal,Clothes,Online,H,5/28/2012,634485614,7/15/2012,7248,109.28,35.84,792061.44,259768.32,532293.12
"North America",Canada,Clothes,Offline,H,7/7/2014,820450246,8/12/2014,8315,109.28,35.84,908663.20,298009.60,610653.60
"Central America and the Caribbean","Dominican Republic","Personal Care",Online,C,5/31/2012,945729148,7/14/2012,1126,81.73,56.67,92027.98,63810.42,28217.56
"Australia and Oceania","New Zealand",Clothes,Offline,H,5/31/2010,824433648,6/28/2010,7092,109.28,35.84,775013.76,254177.28,520836.48
"Sub-Saharan Africa",Chad,Cereal,Offline,L,2/5/2010,340987575,3/10/2010,4656,205.70,117.11,957739.20,545264.16,412475.04
"Sub-Saharan Africa",Madagascar,"Baby Food",Offline,L,2/14/2014,800127255,3/2/2014,4290,255.28,159.42,1095151.20,683911.80,411239.40
"Central America and the Caribbean",Grenada,"Baby Food",Offline,C,11/3/2014,876901519,11/25/2014,3501,255.28,159.42,893735.28,558129.42,335605.86
Europe,Germany,Vegetables,Offline,M,3/31/2013,666671693,4/12/2013,1824,154.06,90.93,281005.44,165856.32,115149.12
"Sub-Saharan Africa",Comoros,"Office Supplies",Online,H,3/10/2015,335111606,4/12/2015,5826,651.21,524.96,3793949.46,3058416.96,735532.50
"Middle East and North Africa",Israel,Vegetables,Online,L,6/6/2012,568207585,7/20/2012,4106,154.06,90.93,632570.36,373358.58,259211.78
"Sub-Saharan Africa",Chad,"Office Supplies",Offline,H,9/25/2016,322258460,11/9/2016,2294,651.21,524.96,1493875.74,1204258.24,289617.50
Asia,Maldives,"Personal Care",Offline,L,8/22/2010,873875558,10/10/2010,8052,81.73,56.67,658089.96,456306.84,201783.12
Europe,Ukraine,Snacks,Offline,C,10/27/2011,869982707,10/31/2011,6071,152.58,97.44,926313.18,591558.24,334754.94
Asia,Nepal,Cereal,Online,H,4/20/2016,377816236,5/17/2016,3075,205.70,117.11,632527.50,360113.25,272414.25
Europe,Bulgaria,Cosmetics,Offline,L,5/23/2017,434924972,6/10/2017,2819,437.20,263.33,1232466.80,742327.27,490139.53
"North America",Canada,Clothes,Offline,C,1/10/2017,799170243,2/23/2017,1089,109.28,35.84,119005.92,39029.76,79976.16
Europe,"Vatican City",Household,Offline,L,6/6/2014,398725879,6/12/2014,703,668.27,502.54,469793.81,353285.62,116508.19
"Australia and Oceania","Marshall Islands",Vegetables,Online,H,6/15/2017,482078206,7/9/2017,6509,154.06,90.93,1002776.54,591863.37,410913.17
"Sub-Saharan Africa",Namibia,Vegetables,Online,H,2/5/2016,568026053,2/5/2016,387,154.06,90.93,59621.22,35189.91,24431.31
Asia,Thailand,Cereal,Online,H,7/20/2016,695680749,7/26/2016,6248,205.70,117.11,1285213.60,731703.28,553510.32
"Middle East and North Africa",Algeria,Cereal,Online,L,9/24/2014,974466121,11/10/2014,5035,205.70,117.11,1035699.50,589648.85,446050.65
Asia,Turkmenistan,Vegetables,Offline,L,3/6/2015,234118497,4/17/2015,9721,154.06,90.93,1497617.26,883930.53,613686.73
"Sub-Saharan Africa",Benin,Fruits,Offline,C,2/21/2012,974686706,2/21/2012,311,9.33,6.92,2901.63,2152.12,749.51
"Middle East and North Africa",Turkey,Snacks,Offline,M,1/30/2016,816532075,3/14/2016,8841,152.58,97.44,1348959.78,861467.04,487492.74
"Sub-Saharan Africa",Madagascar,Fruits,Offline,C,1/8/2012,150328433,2/9/2012,4379,9.33,6.92,40856.07,30302.68,10553.39
Asia,Kyrgyzstan,Vegetables,Online,L,5/1/2016,787062108,6/9/2016,8023,154.06,90.93,1236023.38,729531.39,506491.99
"Middle East and North Africa",Pakistan,Cereal,Offline,C,5/21/2012,108031928,6/15/2012,7903,205.70,117.11,1625647.10,925520.33,700126.77
Europe,Finland,Cosmetics,Offline,C,11/25/2014,514849221,12/9/2014,4181,437.20,263.33,1827933.20,1100982.73,726950.47
"Sub-Saharan Africa","South Africa",Meat,Offline,M,2/25/2013,879437816,3/19/2013,4048,421.89,364.69,1707810.72,1476265.12,231545.60
"Middle East and North Africa",Afghanistan,"Personal Care",Offline,L,8/21/2012,594034039,9/12/2012,6728,81.73,56.67,549879.44,381275.76,168603.68
"Sub-Saharan Africa",Zambia,Cereal,Online,H,2/16/2016,921186721,3/18/2016,8476,205.70,117.11,1743513.20,992624.36,750888.84
"Sub-Saharan Africa",Kenya,Vegetables,Offline,L,4/20/2012,943757188,5/16/2012,7579,154.06,90.93,1167620.74,689158.47,478462.27
"Sub-Saharan Africa",Guinea-Bissau,"Baby Food",Online,H,6/5/2017,714919269,6/28/2017,9354,255.28,159.42,2387889.12,1491214.68,896674.44
"Sub-Saharan Africa",Liberia,Cosmetics,Offline,C,12/16/2010,808159291,12/17/2010,1148,437.20,263.33,501905.60,302302.84,199602.76
Asia,Turkmenistan,Vegetables,Online,L,1/28/2015,967276084,2/25/2015,7343,154.06,90.93,1131262.58,667698.99,463563.59
"Australia and Oceania","Solomon Islands",Meat,Online,M,2/24/2015,556380975,4/1/2015,4349,421.89,364.69,1834799.61,1586036.81,248762.80
"Sub-Saharan Africa",Zimbabwe,Beverages,Offline,H,7/21/2016,809897792,9/2/2016,5609,47.45,31.79,266147.05,178310.11,87836.94
Europe,Liechtenstein,Meat,Online,H,8/1/2010,782562863,9/2/2010,6596,421.89,364.69,2782786.44,2405495.24,377291.20
Europe,Belgium,Fruits,Online,M,2/5/2016,499425017,2/29/2016,9816,9.33,6.92,91583.28,67926.72,23656.56
Europe,Georgia,"Baby Food",Offline,M,2/27/2015,505845582,3/1/2015,9804,255.28,159.42,2502765.12,1562953.68,939811.44
"Sub-Saharan Africa",Chad,"Personal Care",Online,L,5/25/2017,517498385,7/5/2017,8127,81.73,56.67,664219.71,460557.09,203662.62
Europe,Italy,Household,Online,H,10/19/2010,770369756,11/11/2010,8385,668.27,502.54,5603443.95,4213797.90,1389646.05
"Sub-Saharan Africa",Mauritania,Beverages,Offline,L,11/27/2010,670758521,12/22/2010,1207,47.45,31.79,57272.15,38370.53,18901.62
Europe,Belarus,Beverages,Offline,L,8/14/2011,145276010,9/16/2011,9254,47.45,31.79,439102.30,294184.66,144917.64
"North America",Mexico,Cereal,Online,M,9/5/2011,990846049,9/27/2011,2220,205.70,117.11,456654.00,259984.20,196669.80
Asia,Vietnam,Snacks,Offline,L,11/25/2010,124704968,12/28/2010,1826,152.58,97.44,278611.08,177925.44,100685.64
Asia,Maldives,Household,Online,H,12/11/2013,834401595,1/20/2014,6829,668.27,502.54,4563615.83,3431845.66,1131770.17
"Middle East and North Africa",Pakistan,Meat,Offline,H,5/24/2011,627797257,6/29/2011,8014,421.89,364.69,3381026.46,2922625.66,458400.80
"Sub-Saharan Africa",Nigeria,Clothes,Online,L,10/29/2013,683065783,12/16/2013,3199,109.28,35.84,349586.72,114652.16,234934.56
Asia,Mongolia,"Office Supplies",Offline,H,3/4/2010,898693501,3/21/2010,2233,651.21,524.96,1454151.93,1172235.68,281916.25
Europe,Sweden,"Personal Care",Online,H,12/3/2016,343479239,12/30/2016,1995,81.73,56.67,163051.35,113056.65,49994.70
"North America",Canada,"Baby Food",Online,C,10/10/2013,406534326,10/27/2013,1396,255.28,159.42,356370.88,222550.32,133820.56
"Australia and Oceania",Vanuatu,Clothes,Offline,H,7/26/2015,747282588,8/18/2015,6379,109.28,35.84,697097.12,228623.36,468473.76
"Central America and the Caribbean",Honduras,Meat,Online,M,6/26/2015,645460355,8/2/2015,4917,421.89,364.69,2074433.13,1793180.73,281252.40
Europe,Spain,Beverages,Online,L,7/25/2011,351116454,9/6/2011,2016,47.45,31.79,95659.20,64088.64,31570.56
"Central America and the Caribbean","Saint Kitts and Nevis ",Household,Online,H,6/23/2010,634612214,7/31/2010,4711,668.27,502.54,3148219.97,2367465.94,780754.03
Europe,"Moldova ",Vegetables,Online,M,3/7/2016,536621463,3/13/2016,7071,154.06,90.93,1089358.26,642966.03,446392.23
"Middle East and North Africa",Afghanistan,Fruits,Online,M,12/22/2010,518130528,2/7/2011,5192,9.33,6.92,48441.36,35928.64,12512.72
Europe,Portugal,"Baby Food",Online,L,4/18/2012,210438239,6/3/2012,2206,255.28,159.42,563147.68,351680.52,211467.16
"Australia and Oceania","Marshall Islands",Household,Online,L,12/9/2015,665155923,12/11/2015,3274,668.27,502.54,2187915.98,1645315.96,542600.02
"North America",Canada,Household,Offline,C,12/19/2014,304207408,12/25/2014,587,668.27,502.54,392274.49,294990.98,97283.51
Asia,Maldives,"Baby Food",Online,M,1/30/2011,769829022,2/5/2011,8370,255.28,159.42,2136693.60,1334345.40,802348.20
"Sub-Saharan Africa",Mali,Beverages,Offline,H,11/5/2010,174569594,12/19/2010,7877,47.45,31.79,373763.65,250409.83,123353.82
"Sub-Saharan Africa","Sao Tome and Principe",Fruits,Offline,M,4/20/2014,751290452,5/11/2014,2395,9.33,6.92,22345.35,16573.40,5771.95
"Sub-Saharan Africa","Democratic Republic of the Congo","Baby Food",Offline,C,3/17/2011,303165423,4/16/2011,2241,255.28,159.42,572082.48,357260.22,214822.26
"Sub-Saharan Africa","Mauritius ",Beverages,Online,H,2/4/2015,753680837,2/27/2015,9763,47.45,31.79,463254.35,310365.77,152888.58
"Australia and Oceania","Marshall Islands",Beverages,Offline,H,1/25/2014,496635520,3/12/2014,4342,47.45,31.79,206027.90,138032.18,67995.72
"Sub-Saharan Africa",Guinea-Bissau,"Personal Care",Online,C,6/6/2012,246140801,6/6/2012,7388,81.73,56.67,603821.24,418677.96,185143.28
Europe,Latvia,"Personal Care",Online,L,10/8/2011,786620509,11/12/2011,7344,81.73,56.67,600225.12,416184.48,184040.64
"Sub-Saharan Africa",Guinea-Bissau,Fruits,Offline,H,9/25/2014,722810971,9/30/2014,4684,9.33,6.92,43701.72,32413.28,11288.44
"Middle East and North Africa","United Arab Emirates",Vegetables,Offline,L,9/7/2013,529761016,9/14/2013,6912,154.06,90.93,1064862.72,628508.16,436354.56
