Region,Country,"Item Type","Sales Channel","Order Priority","Order Date","Order ID","Ship Date","Units Sold","Unit Price","Unit Cost","Total Revenue","Total Cost","Total Profit"
"Middle East and North Africa","Saudi Arabia",Cosmetics,Offline,H,7/22/2016,730591523,9/5/2016,7122,437.20,263.33,3113738.40,1875436.26,1238302.14
"Sub-Saharan Africa",Kenya,"Personal Care",Online,M,9/9/2016,369368350,10/11/2016,3158,81.73,56.67,258103.34,178963.86,79139.48
"Sub-Saharan Africa",Togo,Fruits,Online,H,8/27/2012,382957494,10/8/2012,4487,9.33,6.92,41863.71,31050.04,10813.67
"Sub-Saharan Africa",Gabon,Cereal,Online,L,7/14/2010,852657783,8/20/2010,9241,205.70,117.11,1900873.70,1082213.51,818660.19
Europe,Lithuania,Snacks,Offline,H,6/24/2017,580080544,8/3/2017,7579,152.58,97.44,1156403.82,738497.76,417906.06
Europe,Cyprus,Fruits,Online,M,3/12/2015,237149608,3/27/2015,6694,9.33,6.92,62455.02,46322.48,16132.54
"Sub-Saharan Africa",Mozambique,"Baby Food",Online,M,9/27/2016,116101300,11/4/2016,5810,255.28,159.42,1483176.80,926230.20,556946.60
"Central America and the Caribbean","Trinidad and Tobago",Household,Offline,C,4/27/2017,579484450,5/21/2017,1181,668.27,502.54,789226.87,593499.74,195727.13
Europe,Montenegro,Clothes,Online,C,3/12/2013,710160386,3/12/2013,1094,109.28,35.84,119552.32,39208.96,80343.36
"Middle East and North Africa",Israel,Household,Online,H,1/17/2013,561302936,2/21/2013,867,668.27,502.54,579390.09,435702.18,143687.91
"Sub-Saharan Africa",Mali,Household,Online,L,6/25/2011,706398427,6/28/2011,7847,668.27,502.54,5243914.69,3943431.38,1300483.31
"Central America and the Caribbean","Dominican Republic",Cosmetics,Offline,H,7/13/2015,889245688,8/9/2015,6415,437.20,263.33,2804638.00,1689261.95,1115376.05
"Sub-Saharan Africa",Djibouti,Cosmetics,Online,H,7/27/2010,473956048,9/1/2010,2982,437.20,263.33,1303730.40,785250.06,518480.34
"Sub-Saharan Africa",Madagascar,"Baby Food",Online,L,2/10/2017,694953334,3/31/2017,990,255.28,159.42,252727.20,157825.80,94901.40
"Middle East and North Africa",Turkey,"Office Supplies",Online,H,4/24/2011,606973874,6/11/2011,5912,651.21,524.96,3849953.52,3103563.52,746390.00
"Australia and Oceania","Papua New Guinea",Household,Offline,H,1/10/2012,235066497,1/13/2012,255,668.27,502.54,170408.85,128147.70,42261.15
"Sub-Saharan Africa",Cameroon,"Office Supplies",Offline,M,6/18/2016,124592530,6/19/2016,8553,651.21,524.96,5569799.13,4489982.88,1079816.25
"North America","United States of America",Meat,Online,C,7/16/2011,891225802,7/30/2011,2375,421.89,364.69,1001988.75,866138.75,135850.00
"Central America and the Caribbean",Cuba,"Personal Care",Online,C,7/10/2015,970952641,8/5/2015,5318,81.73,56.67,434640.14,301371.06,133269.08
"Middle East and North Africa",Lebanon,Meat,Offline,H,9/2/2013,670071876,9/13/2013,8013,421.89,364.69,3380604.57,2922260.97,458343.60
"Sub-Saharan Africa","Democratic Republic of the Congo","Personal Care",Offline,H,1/9/2015,815194833,1/16/2015,3121,81.73,56.67,255079.33,176867.07,78212.26
"Sub-Saharan Africa","Sao Tome and Principe","Office Supplies",Online,H,10/4/2010,503245341,11/13/2010,335,651.21,524.96,218155.35,175861.60,42293.75
"Middle East and North Africa",Iran,"Office Supplies",Offline,L,10/30/2015,251459729,12/17/2015,1377,651.21,524.96,896716.17,722869.92,173846.25
"Sub-Saharan Africa",Burundi,Snacks,Online,C,3/7/2012,647386825,3/14/2012,5003,152.58,97.44,763357.74,487492.32,275865.42
"Middle East and North Africa",Somalia,Beverages,Online,L,2/10/2013,998887956,2/19/2013,1998,47.45,31.79,94805.10,63516.42,31288.68
Asia,"Sri Lanka","Baby Food",Online,H,1/23/2014,684136950,2/25/2014,182,255.28,159.42,46460.96,29014.44,17446.52
Europe,Poland,Beverages,Online,C,7/10/2011,501620137,7/30/2011,9401,47.45,31.79,446077.45,298857.79,147219.66
"Sub-Saharan Africa",Mozambique,Beverages,Online,L,6/3/2014,420136344,7/23/2014,6535,47.45,31.79,310085.75,207747.65,102338.10
"Central America and the Caribbean","Saint Kitts and Nevis ",Clothes,Offline,H,1/8/2010,928796899,1/24/2010,497,109.28,35.84,54312.16,17812.48,36499.68
"Sub-Saharan Africa","Equatorial Guinea","Office Supplies",Online,M,3/2/2013,787025630,3/3/2013,7228,651.21,524.96,4706945.88,3794410.88,912535.00
"Sub-Saharan Africa",Namibia,Meat,Online,L,1/15/2017,174558866,1/15/2017,4702,421.89,364.69,1983726.78,1714772.38,268954.40
Asia,India,Beverages,Offline,M,2/8/2012,241445434,3/26/2012,7924,47.45,31.79,375993.80,251903.96,124089.84
Europe,Denmark,Cosmetics,Offline,M,8/11/2012,858046662,9/16/2012,3930,437.20,263.33,1718196.00,1034886.90,683309.10
Asia,Turkmenistan,Snacks,Online,M,12/8/2014,165036380,12/12/2014,6787,152.58,97.44,1035560.46,661325.28,374235.18
"Sub-Saharan Africa","Central African Republic",Vegetables,Offline,M,7/10/2016,423400914,8/28/2016,2594,154.06,90.93,399631.64,235872.42,163759.22
"Sub-Saharan Africa",Comoros,Cosmetics,Offline,C,2/7/2012,364439094,2/13/2012,4481,437.20,263.33,1959093.20,1179981.73,779111.47
"Sub-Saharan Africa","Cote d'Ivoire","Office Supplies",Offline,M,8/7/2012,139762246,9/2/2012,7609,651.21,524.96,4955056.89,3994420.64,960636.25
"Sub-Saharan Africa","Central African Republic","Personal Care",Online,M,2/1/2011,871294200,3/21/2011,4171,81.73,56.67,340895.83,236370.57,104525.26
Europe,Russia,"Personal Care",Online,L,11/2/2016,601271283,11/22/2016,8389,81.73,56.67,685632.97,475404.63,210228.34
Europe,Albania,Household,Online,L,9/11/2013,142242324,10/17/2013,1519,668.27,502.54,1015102.13,763358.26,251743.87
"Middle East and North Africa",Qatar,Clothes,Online,M,11/6/2016,827068650,12/21/2016,6848,109.28,35.84,748349.44,245432.32,502917.12
"Sub-Saharan Africa","Sao Tome and Principe",Snacks,Online,M,1/20/2016,458924090,2/29/2016,4692,152.58,97.44,715905.36,457188.48,258716.88
"Central America and the Caribbean","Antigua and Barbuda ","Personal Care",Online,M,4/10/2017,961294972,5/5/2017,7399,81.73,56.67,604720.27,419301.33,185418.94
Asia,Taiwan,Beverages,Offline,M,3/6/2016,727980124,4/18/2016,4351,47.45,31.79,206454.95,138318.29,68136.66
"Middle East and North Africa",Somalia,"Office Supplies",Offline,M,1/28/2017,473090875,3/19/2017,6958,651.21,524.96,4531119.18,3652671.68,878447.50
"Australia and Oceania",Tuvalu,Clothes,Offline,L,12/25/2013,981051051,2/2/2014,3662,109.28,35.84,400183.36,131246.08,268937.28
Europe,France,"Office Supplies",Online,L,2/12/2017,856596982,3/3/2017,4937,651.21,524.96,3215023.77,2591727.52,623296.25
"Central America and the Caribbean","Trinidad and Tobago",Beverages,Offline,H,4/9/2011,574777495,5/15/2011,8289,47.45,31.79,393313.05,263507.31,129805.74
"Middle East and North Africa",Egypt,Meat,Online,H,7/29/2012,230953919,9/15/2012,3252,421.89,364.69,1371986.28,1185971.88,186014.40
"North America",Canada,"Personal Care",Online,L,9/27/2011,890800082,9/29/2011,6395,81.73,56.67,522663.35,362404.65,160258.70
"Middle East and North Africa","United Arab Emirates",Vegetables,Offline,H,8/31/2015,540302312,9/10/2015,6316,154.06,90.93,973042.96,574313.88,398729.08
Europe,Austria,Beverages,Online,H,5/27/2013,835759437,6/18/2013,8645,47.45,31.79,410205.25,274824.55,135380.70
Europe,Malta,Vegetables,Online,C,3/16/2010,353782784,5/3/2010,1043,154.06,90.93,160684.58,94839.99,65844.59
"Sub-Saharan Africa","Sierra Leone",Household,Online,H,3/6/2016,441296184,4/13/2016,8202,668.27,502.54,5481150.54,4121833.08,1359317.46
"Sub-Saharan Africa",Chad,Household,Online,M,3/14/2012,265535962,3/22/2012,6847,668.27,502.54,4575644.69,3440891.38,1134753.31
Europe,"Moldova ",Fruits,Online,H,4/18/2014,864050948,4/27/2014,732,9.33,6.92,6829.56,5065.44,1764.12
Europe,Lithuania,Cosmetics,Online,C,10/29/2016,194702470,11/4/2016,5642,437.20,263.33,2466682.40,1485707.86,980974.54
Europe,Lithuania,Cereal,Online,L,6/14/2011,785664355,6/18/2011,4397,205.70,117.11,904462.90,514932.67,389530.23
Asia,Mongolia,Meat,Online,C,8/3/2013,285422933,8/22/2013,1843,421.89,364.69,777543.27,672123.67,105419.60
Europe,"San Marino",Cereal,Online,M,3/27/2013,912777030,4/1/2013,9862,205.70,117.11,2028613.40,1154938.82,873674.58
"North America",Canada,Cereal,Offline,C,8/4/2016,906837975,9/7/2016,2364,205.70,117.11,486274.80,276848.04,209426.76
"Central America and the Caribbean",Belize,Cereal,Offline,H,12/28/2011,377029597,1/5/2012,291,205.70,117.11,59858.70,34079.01,25779.69
"Sub-Saharan Africa",Malawi,Cereal,Online,H,7/20/2011,853088223,7/21/2011,6618,205.70,117.11,1361322.60,775033.98,586288.62
"Sub-Saharan Africa",Rwanda,"Personal Care",Online,L,2/2/2017,335062682,2/21/2017,1348,81.73,56.67,110172.04,76391.16,33780.88
"Middle East and North Africa",Kuwait,"Office Supplies",Offline,C,5/10/2016,943314301,6/14/2016,6519,651.21,524.96,4245237.99,3422214.24,823023.75
"Sub-Saharan Africa",Eritrea,Snacks,Offline,H,2/1/2017,368516910,2/9/2017,1198,152.58,97.44,182790.84,116733.12,66057.72
"Middle East and North Africa",Yemen,Household,Offline,C,12/9/2012,421656835,12/21/2012,6482,668.27,502.54,4331726.14,3257464.28,1074261.86
"Australia and Oceania",Kiribati,"Baby Food",Offline,M,7/28/2017,284032905,8/4/2017,503,255.28,159.42,128405.84,80188.26,48217.58
"Sub-Saharan Africa",Mauritania,Vegetables,Offline,C,5/31/2015,557256448,6/20/2015,3421,154.06,90.93,527039.26,311071.53,215967.73
Europe,France,Household,Online,H,11/20/2010,113251292,12/2/2010,2429,668.27,502.54,1623227.83,1220669.66,402558.17
"Sub-Saharan Africa",Sudan,Meat,Offline,M,1/20/2017,144253766,1/30/2017,6750,421.89,364.69,2847757.50,2461657.50,386100.00
"Middle East and North Africa",Algeria,Meat,Online,H,12/22/2013,112812697,1/20/2014,2639,421.89,364.69,1113367.71,962416.91,150950.80
"Sub-Saharan Africa",Kenya,Cereal,Online,H,1/18/2013,901789414,3/5/2013,8382,205.70,117.11,1724177.40,981616.02,742561.38
"Sub-Saharan Africa",Kenya,Clothes,Offline,L,5/25/2015,764357745,6/21/2015,9297,109.28,35.84,1015976.16,333204.48,682771.68
Asia,Kyrgyzstan,Clothes,Offline,L,8/12/2015,274004018,8/14/2015,2733,109.28,35.84,298662.24,97950.72,200711.52
"Sub-Saharan Africa",Zambia,"Office Supplies",Offline,M,2/28/2013,974527060,4/9/2013,3068,651.21,524.96,1997912.28,1610577.28,387335.00
Europe,Ukraine,Snacks,Online,L,2/19/2016,430038201,3/9/2016,6715,152.58,97.44,1024574.70,654309.60,370265.10
Europe,Poland,Vegetables,Online,M,10/4/2014,774961268,10/15/2014,7116,154.06,90.93,1096290.96,647057.88,449233.08
"Middle East and North Africa",Lebanon,Household,Offline,M,6/22/2015,164032590,8/9/2015,9743,668.27,502.54,6510954.61,4896247.22,1614707.39
"Central America and the Caribbean",Grenada,Beverages,Online,C,6/2/2014,422300994,7/22/2014,7103,47.45,31.79,337037.35,225804.37,111232.98
Europe,Macedonia,Beverages,Offline,M,5/18/2016,295127809,7/7/2016,3732,47.45,31.79,177083.40,118640.28,58443.12
"Sub-Saharan Africa",Guinea-Bissau,Meat,Offline,M,11/3/2015,398186862,11/26/2015,1196,421.89,364.69,504580.44,436169.24,68411.20
"Sub-Saharan Africa","Republic of the Congo",Vegetables,Offline,C,12/5/2015,967464482,12/7/2015,3094,154.06,90.93,476661.64,281337.42,195324.22
"Central America and the Caribbean","Saint Lucia",Cosmetics,Offline,C,1/14/2017,509259498,1/28/2017,57,437.20,263.33,24920.40,15009.81,9910.59
"Sub-Saharan Africa",Tanzania,"Office Supplies",Online,M,1/28/2013,750183236,3/14/2013,4745,651.21,524.96,3089991.45,2490935.20,599056.25
"Middle East and North Africa",Afghanistan,Household,Online,C,5/10/2010,787159526,5/29/2010,6851,668.27,502.54,4578317.77,3442901.54,1135416.23
Asia,Bangladesh,Cosmetics,Online,H,4/6/2016,237424695,5/2/2016,8098,437.20,263.33,3540445.60,2132446.34,1407999.26
Europe,Netherlands,Meat,Online,H,9/27/2012,588527572,11/10/2012,7242,421.89,364.69,3055327.38,2641084.98,414242.40
Europe,France,"Personal Care",Online,M,2/1/2013,248329484,2/12/2013,5068,81.73,56.67,414207.64,287203.56,127004.08
"Australia and Oceania","Samoa ",Beverages,Online,L,9/28/2012,395004260,10/5/2012,9393,47.45,31.79,445697.85,298603.47,147094.38
Europe,"San Marino",Vegetables,Offline,H,10/10/2015,927038228,11/4/2015,67,154.06,90.93,10322.02,6092.31,4229.71
Europe,Liechtenstein,"Baby Food",Offline,L,12/16/2015,913230216,1/29/2016,3970,255.28,159.42,1013461.60,632897.40,380564.20
"Middle East and North Africa",Jordan,Clothes,Offline,C,9/15/2015,842691552,9/22/2015,12,109.28,35.84,1311.36,430.08,881.28
"Sub-Saharan Africa",Angola,Meat,Online,C,9/19/2014,374846065,11/6/2014,4135,421.89,364.69,1744515.15,1507993.15,236522.00
"North America",Mexico,"Baby Food",Offline,H,9/30/2013,589430081,10/8/2013,4314,255.28,159.42,1101277.92,687737.88,413540.04
"Australia and Oceania","East Timor","Baby Food",Offline,C,10/31/2010,836492431,11/24/2010,5554,255.28,159.42,1417825.12,885418.68,532406.44
"Sub-Saharan Africa",Namibia,"Baby Food",Online,L,8/24/2012,986394441,10/5/2012,4890,255.28,159.42,1248319.20,779563.80,468755.40
"Central America and the Caribbean",Jamaica,Household,Offline,L,7/27/2015,979809939,9/10/2015,6389,668.27,502.54,4269577.03,3210728.06,1058848.97
"Central America and the Caribbean",Grenada,Vegetables,Offline,C,1/17/2017,377725255,2/19/2017,6152,154.06,90.93,947777.12,559401.36,388375.76
Europe,Malta,"Personal Care",Online,M,10/21/2011,611439216,12/2/2011,7306,81.73,56.67,597119.38,414031.02,183088.36
