Region,Country,"Item Type","Sales Channel","Order Priority","Order Date","Order ID","Ship Date","Units Sold","Unit Price","Unit Cost","Total Revenue","Total Cost","Total Profit"
Europe,Macedonia,Fruits,Online,C,1/2/2015,646190774,1/16/2015,1065,9.33,6.92,9936.45,7369.80,2566.65
"Sub-Saharan Africa",Eritrea,Beverages,Online,C,3/15/2016,861365306,5/1/2016,5990,47.45,31.79,284225.50,190422.10,93803.40
Europe,Sweden,"Office Supplies",Offline,H,4/6/2016,370297467,5/8/2016,8104,651.21,524.96,5277405.84,4254275.84,1023130.00
Europe,Monaco,"Office Supplies",Online,C,5/22/2010,435536086,6/25/2010,3661,651.21,524.96,2384079.81,1921878.56,462201.25
"Middle East and North Africa",Bahrain,Vegetables,Online,M,7/21/2017,139942491,8/22/2017,948,154.06,90.93,146048.88,86201.64,59847.24
"Sub-Saharan Africa","Central African Republic","Personal Care",Offline,H,2/27/2016,436690509,4/8/2016,5281,81.73,56.67,431616.13,299274.27,132341.86
"Australia and Oceania",Nauru,Meat,Online,L,12/12/2015,999266469,1/22/2016,4009,421.89,364.69,1691357.01,1462042.21,229314.80
"Middle East and North Africa",Morocco,"Office Supplies",Offline,M,5/18/2016,671469199,7/7/2016,1512,651.21,524.96,984629.52,793739.52,190890.00
"Sub-Saharan Africa",Botswana,"Office Supplies",Online,C,5/27/2010,617410027,7/14/2010,4202,651.21,524.96,2736384.42,2205881.92,530502.50
"Sub-Saharan Africa",Togo,Household,Online,C,12/18/2010,271512782,12/22/2010,5521,668.27,502.54,3689518.67,2774523.34,914995.33
Europe,Greece,Cosmetics,Offline,H,12/5/2016,488513791,12/7/2016,941,437.20,263.33,411405.20,247793.53,163611.67
"Australia and Oceania",Fiji,"Baby Food",Offline,M,11/12/2016,393461883,11/25/2016,2970,255.28,159.42,758181.60,473477.40,284704.20
Europe,Finland,Clothes,Online,L,7/23/2015,531718385,8/12/2015,6141,109.28,35.84,671088.48,220093.44,450995.04
"Sub-Saharan Africa",Eritrea,Meat,Offline,L,1/23/2015,618957126,3/10/2015,2023,421.89,364.69,853483.47,737767.87,115715.60
"Middle East and North Africa",Algeria,Clothes,Online,M,12/7/2010,891164433,1/1/2011,4214,109.28,35.84,460505.92,151029.76,309476.16
"Australia and Oceania",Vanuatu,Vegetables,Online,L,2/22/2011,754639136,3/27/2011,3345,154.06,90.93,515330.70,304160.85,211169.85
"Central America and the Caribbean","Dominican Republic","Personal Care",Online,L,3/1/2017,135992562,3/7/2017,2076,81.73,56.67,169671.48,117646.92,52024.56
"Central America and the Caribbean",Panama,Cosmetics,Offline,H,8/6/2012,832148540,8/27/2012,100,437.20,263.33,43720.00,26333.00,17387.00
"Sub-Saharan Africa","Republic of the Congo","Office Supplies",Offline,H,5/24/2012,660343396,6/8/2012,9140,651.21,524.96,5952059.40,4798134.40,1153925.00
"Sub-Saharan Africa","Mauritius ",Household,Offline,H,8/25/2013,208125960,9/10/2013,7952,668.27,502.54,5314083.04,3996198.08,1317884.96
"Sub-Saharan Africa",Mozambique,Cereal,Online,C,7/8/2014,583357560,7/22/2014,7320,205.70,117.11,1505724.00,857245.20,648478.80
"Australia and Oceania",Tonga,"Baby Food",Offline,L,6/5/2010,264212024,7/14/2010,5064,255.28,159.42,1292737.92,807302.88,485435.04
Europe,Portugal,Vegetables,Offline,C,1/10/2013,949175679,2/10/2013,1031,154.06,90.93,158835.86,93748.83,65087.03
"Sub-Saharan Africa",Malawi,Fruits,Offline,M,2/5/2016,807047355,2/26/2016,2101,9.33,6.92,19602.33,14538.92,5063.41
Europe,Montenegro,Meat,Online,L,6/21/2014,326938378,6/23/2014,7186,421.89,364.69,3031701.54,2620662.34,411039.20
"Middle East and North Africa",Kuwait,Cosmetics,Offline,C,6/3/2015,968272578,6/10/2015,2228,437.20,263.33,974081.60,586699.24,387382.36
"Sub-Saharan Africa",Malawi,Snacks,Offline,M,2/16/2012,210786283,3/18/2012,5200,152.58,97.44,793416.00,506688.00,286728.00
Europe,France,Vegetables,Online,C,3/15/2010,104528319,3/20/2010,1107,154.06,90.93,170544.42,100659.51,69884.91
"Sub-Saharan Africa",Rwanda,Cereal,Offline,M,4/27/2016,519860017,5/26/2016,6986,205.70,117.11,1437020.20,818130.46,618889.74
"Sub-Saharan Africa",Burundi,Beverages,Offline,M,9/19/2011,497455203,10/24/2011,6904,47.45,31.79,327594.80,219478.16,108116.64
Asia,Turkmenistan,"Baby Food",Offline,C,7/20/2016,498300206,8/11/2016,6959,255.28,159.42,1776493.52,1109403.78,667089.74
"Sub-Saharan Africa","South Africa","Baby Food",Offline,L,5/28/2010,153693854,6/24/2010,282,255.28,159.42,71988.96,44956.44,27032.52
Europe,Poland,"Baby Food",Offline,L,10/13/2011,515247476,12/2/2011,2033,255.28,159.42,518984.24,324100.86,194883.38
"Sub-Saharan Africa",Nigeria,"Office Supplies",Online,L,10/2/2013,904884898,10/30/2013,4405,651.21,524.96,2868580.05,2312448.80,556131.25
"Sub-Saharan Africa","Sierra Leone",Cosmetics,Online,C,6/12/2010,264842450,6/24/2010,1621,437.20,263.33,708701.20,426857.93,281843.27
"Sub-Saharan Africa",Guinea,"Personal Care",Online,H,12/29/2015,307668960,2/11/2016,4937,81.73,56.67,403501.01,279779.79,123721.22
"Sub-Saharan Africa",Botswana,Meat,Offline,M,4/18/2015,566225755,5/12/2015,7638,421.89,364.69,3222395.82,2785502.22,436893.60
Asia,Mongolia,Beverages,Online,H,4/1/2013,643686664,5/16/2013,43,47.45,31.79,2040.35,1366.97,673.38
Europe,Luxembourg,"Personal Care",Online,H,10/28/2015,663538014,11/7/2015,4499,81.73,56.67,367703.27,254958.33,112744.94
Europe,Poland,Vegetables,Online,M,2/10/2011,819578635,2/23/2011,386,154.06,90.93,59467.16,35098.98,24368.18
"Sub-Saharan Africa",Togo,Clothes,Online,L,12/30/2010,925919854,1/8/2011,9116,109.28,35.84,996196.48,326717.44,669479.04
"Sub-Saharan Africa",Mauritania,"Personal Care",Offline,M,1/23/2017,866985499,3/8/2017,9130,81.73,56.67,746194.90,517397.10,228797.80
"Middle East and North Africa",Iran,Fruits,Online,H,10/26/2016,147511899,11/18/2016,904,9.33,6.92,8434.32,6255.68,2178.64
Europe,Denmark,Vegetables,Online,C,3/12/2010,142547881,4/25/2010,1941,154.06,90.93,299030.46,176495.13,122535.33
"North America",Mexico,"Baby Food",Online,H,4/29/2013,947454774,5/13/2013,1777,255.28,159.42,453632.56,283289.34,170343.22
Europe,Montenegro,Clothes,Offline,H,12/1/2016,927906405,1/2/2017,6980,109.28,35.84,762774.40,250163.20,512611.20
"Central America and the Caribbean","Antigua and Barbuda ",Household,Offline,M,9/24/2012,769889104,10/2/2012,6149,668.27,502.54,4109192.23,3090118.46,1019073.77
"Sub-Saharan Africa",Mali,Beverages,Offline,H,7/14/2012,329701697,8/25/2012,4914,47.45,31.79,233169.30,156216.06,76953.24
Asia,Brunei,Meat,Offline,H,1/1/2014,883955514,2/15/2014,935,421.89,364.69,394467.15,340985.15,53482.00
Europe,Hungary,"Personal Care",Online,L,2/6/2012,179574382,2/24/2012,8905,81.73,56.67,727805.65,504646.35,223159.30
"Australia and Oceania",Palau,Snacks,Online,M,6/3/2010,983794629,6/27/2010,5548,152.58,97.44,846513.84,540597.12,305916.72
Europe,Austria,Fruits,Online,C,6/2/2017,734165084,6/19/2017,4618,9.33,6.92,43085.94,31956.56,11129.38
"Sub-Saharan Africa",Comoros,"Office Supplies",Online,L,4/24/2012,988547074,5/4/2012,1902,651.21,524.96,1238601.42,998473.92,240127.50
Asia,Bangladesh,Fruits,Offline,L,1/16/2017,675114428,1/24/2017,217,9.33,6.92,2024.61,1501.64,522.97
"Sub-Saharan Africa",Mali,Cereal,Offline,M,10/1/2016,142353475,10/30/2016,4411,205.70,117.11,907342.70,516572.21,390770.49
"Middle East and North Africa",Iraq,"Personal Care",Online,M,7/26/2016,709063041,8/21/2016,6366,81.73,56.67,520293.18,360761.22,159531.96
Asia,"North Korea",Cereal,Offline,C,2/15/2015,614354455,3/5/2015,9990,205.70,117.11,2054943.00,1169928.90,885014.10
"Sub-Saharan Africa",Ethiopia,"Baby Food",Offline,M,11/25/2015,867651546,12/7/2015,6228,255.28,159.42,1589883.84,992867.76,597016.08
Europe,Slovakia,"Personal Care",Offline,L,11/12/2015,298690640,12/11/2015,8053,81.73,56.67,658171.69,456363.51,201808.18
"Sub-Saharan Africa",Sudan,Cereal,Offline,L,11/3/2016,507520568,11/30/2016,5469,205.70,117.11,1124973.30,640474.59,484498.71
Europe,"Moldova ",Meat,Online,L,2/24/2014,914502656,3/22/2014,513,421.89,364.69,216429.57,187085.97,29343.60
Asia,Brunei,Cereal,Offline,C,7/11/2015,110310733,8/18/2015,2252,205.70,117.11,463236.40,263731.72,199504.68
Europe,Macedonia,"Personal Care",Online,C,8/16/2014,805931127,9/19/2014,1785,81.73,56.67,145888.05,101155.95,44732.10
"Sub-Saharan Africa",Mauritania,"Baby Food",Online,L,7/13/2017,382662665,8/9/2017,7241,255.28,159.42,1848482.48,1154360.22,694122.26
"Middle East and North Africa","United Arab Emirates",Cereal,Online,C,4/2/2016,342116677,5/14/2016,8782,205.70,117.11,1806457.40,1028460.02,777997.38
"Middle East and North Africa",Libya,Household,Offline,H,3/18/2015,456216990,4/28/2015,3600,668.27,502.54,2405772.00,1809144.00,596628.00
Asia,Bangladesh,Fruits,Online,M,4/27/2012,117199933,4/27/2012,919,9.33,6.92,8574.27,6359.48,2214.79
Europe,Iceland,"Personal Care",Offline,M,5/10/2010,587614333,6/15/2010,6994,81.73,56.67,571619.62,396349.98,175269.64
"Australia and Oceania","Marshall Islands","Baby Food",Online,C,2/24/2013,950321519,3/19/2013,111,255.28,159.42,28336.08,17695.62,10640.46
"Sub-Saharan Africa",Djibouti,"Baby Food",Offline,H,3/31/2014,358495318,5/1/2014,5586,255.28,159.42,1425994.08,890520.12,535473.96
"Central America and the Caribbean","Saint Kitts and Nevis ",Beverages,Online,C,10/26/2015,285622060,12/2/2015,770,47.45,31.79,36536.50,24478.30,12058.20
"Australia and Oceania",Palau,"Baby Food",Offline,C,4/27/2017,475500571,5/5/2017,41,255.28,159.42,10466.48,6536.22,3930.26
"Sub-Saharan Africa",Tanzania,"Office Supplies",Online,L,9/16/2011,292242181,10/15/2011,9810,651.21,524.96,6388370.10,5149857.60,1238512.50
"Australia and Oceania",Vanuatu,Vegetables,Online,C,12/4/2011,970270717,12/18/2011,3521,154.06,90.93,542445.26,320164.53,222280.73
"Sub-Saharan Africa",Ethiopia,Household,Online,L,10/30/2016,664322507,10/30/2016,6647,668.27,502.54,4441990.69,3340383.38,1101607.31
Asia,Bangladesh,Meat,Online,H,12/31/2014,299446380,1/5/2015,1693,421.89,364.69,714259.77,617420.17,96839.60
Europe,Switzerland,"Personal Care",Offline,C,3/20/2011,421003663,4/4/2011,3194,81.73,56.67,261045.62,181003.98,80041.64
Europe,Lithuania,Snacks,Offline,M,2/8/2015,744668185,2/8/2015,2719,152.58,97.44,414865.02,264939.36,149925.66
"Sub-Saharan Africa","Cote d'Ivoire",Snacks,Online,L,8/26/2014,606426274,10/14/2014,3866,152.58,97.44,589874.28,376703.04,213171.24
"Sub-Saharan Africa",Sudan,Vegetables,Online,M,4/3/2010,312576758,5/6/2010,7264,154.06,90.93,1119091.84,660515.52,458576.32
"Middle East and North Africa",Kuwait,Clothes,Offline,H,12/16/2010,689730966,1/26/2011,5575,109.28,35.84,609236.00,199808.00,409428.00
Europe,Greece,Clothes,Online,C,7/5/2015,834812724,8/21/2015,8491,109.28,35.84,927896.48,304317.44,623579.04
"Australia and Oceania","Solomon Islands",Meat,Online,C,2/21/2016,365058362,4/2/2016,7737,421.89,364.69,3264162.93,2821606.53,442556.40
Asia,China,"Personal Care",Offline,M,7/9/2017,768016707,8/28/2017,2066,81.73,56.67,168854.18,117080.22,51773.96
Europe,Hungary,Cereal,Online,C,3/26/2010,451549088,4/8/2010,2265,205.70,117.11,465910.50,265254.15,200656.35
Europe,Armenia,Fruits,Online,M,6/3/2012,593829333,6/13/2012,6151,9.33,6.92,57388.83,42564.92,14823.91
"Sub-Saharan Africa",Zimbabwe,Cereal,Offline,M,1/7/2013,193343770,2/10/2013,3573,205.70,117.11,734966.10,418434.03,316532.07
"Sub-Saharan Africa","Mauritius ",Household,Offline,M,5/16/2013,118891227,5/28/2013,1411,668.27,502.54,942928.97,709083.94,233845.03
Europe,"Moldova ",Snacks,Online,L,11/23/2015,859583032,1/3/2016,8576,152.58,97.44,1308526.08,835645.44,472880.64
"Central America and the Caribbean",Barbados,"Personal Care",Offline,L,9/16/2012,274843013,11/5/2012,1010,81.73,56.67,82547.30,57236.70,25310.60
"Australia and Oceania","Federated States of Micronesia","Personal Care",Offline,H,2/23/2012,344407498,3/29/2012,6687,81.73,56.67,546528.51,378952.29,167576.22
"Sub-Saharan Africa",Burundi,Household,Online,M,3/29/2012,418325316,4/28/2012,612,668.27,502.54,408981.24,307554.48,101426.76
"Sub-Saharan Africa",Kenya,Fruits,Online,H,2/5/2012,366957795,3/7/2012,9821,9.33,6.92,91629.93,67961.32,23668.61
"Central America and the Caribbean",Haiti,"Baby Food",Online,H,8/30/2015,130978763,9/21/2015,8381,255.28,159.42,2139501.68,1336099.02,803402.66
Europe,Russia,"Office Supplies",Offline,M,10/24/2012,171374547,10/27/2012,2392,651.21,524.96,1557694.32,1255704.32,301990.00
Asia,China,Snacks,Online,M,6/2/2013,119443976,6/11/2013,4982,152.58,97.44,760153.56,485446.08,274707.48
"Sub-Saharan Africa",Namibia,Meat,Online,M,4/7/2013,126798379,5/18/2013,1313,421.89,364.69,553941.57,478837.97,75103.60
"Sub-Saharan Africa",Nigeria,Clothes,Online,M,12/30/2012,415361583,2/4/2013,3577,109.28,35.84,390894.56,128199.68,262694.88
"Sub-Saharan Africa",Togo,Household,Offline,C,4/24/2014,827369916,6/9/2014,5999,668.27,502.54,4008951.73,3014737.46,994214.27
"Middle East and North Africa",Somalia,Vegetables,Online,M,3/13/2016,375372207,3/22/2016,9832,154.06,90.93,1514717.92,894023.76,620694.16
