Region,Country,"Item Type","Sales Channel","Order Priority","Order Date","Order ID","Ship Date","Units Sold","Unit Price","Unit Cost","Total Revenue","Total Cost","Total Profit"
"Sub-Saharan Africa","Central African Republic",Snacks,Offline,L,11/19/2014,954595887,12/8/2014,4991,152.58,97.44,761526.78,486323.04,275203.74
"Central America and the Caribbean",Grenada,"Personal Care",Offline,L,4/19/2013,980750644,5/19/2013,4765,81.73,56.67,389443.45,270032.55,119410.90
Europe,France,"Office Supplies",Online,C,3/29/2016,980936467,4/28/2016,9754,651.21,524.96,6351902.34,5120459.84,1231442.50
"Sub-Saharan Africa","Sao Tome and Principe","Office Supplies",Online,C,10/4/2012,811452186,10/22/2012,5589,651.21,524.96,3639612.69,2934001.44,705611.25
"Australia and Oceania",Kiribati,Household,Online,H,9/5/2015,848909127,9/12/2015,9930,668.27,502.54,6635921.10,4990222.20,1645698.90
"Sub-Saharan Africa",Liberia,Fruits,Offline,C,5/20/2012,640231120,7/7/2012,7471,9.33,6.92,69704.43,51699.32,18005.11
Europe,"United Kingdom",Snacks,Online,H,1/19/2014,252654492,1/21/2014,4934,152.58,97.44,752829.72,480768.96,272060.76
"Central America and the Caribbean","El Salvador","Personal Care",Online,M,12/23/2013,723728072,1/17/2014,6074,81.73,56.67,496428.02,344213.58,152214.44
Europe,Liechtenstein,Beverages,Offline,H,2/9/2014,911313188,3/11/2014,6678,47.45,31.79,316871.10,212293.62,104577.48
"Sub-Saharan Africa","Cape Verde",Household,Online,C,8/30/2013,643583667,9/19/2013,9564,668.27,502.54,6391334.28,4806292.56,1585041.72
Asia,Thailand,"Office Supplies",Online,L,12/3/2012,269025838,12/17/2012,9579,651.21,524.96,6237940.59,5028591.84,1209348.75
"Sub-Saharan Africa",Gabon,Household,Offline,C,1/11/2017,206438529,1/27/2017,8603,668.27,502.54,5749126.81,4323351.62,1425775.19
Europe,Sweden,Clothes,Online,M,1/13/2017,494933068,2/27/2017,548,109.28,35.84,59885.44,19640.32,40245.12
"Sub-Saharan Africa",Chad,Fruits,Offline,M,6/2/2016,343933284,6/8/2016,6356,9.33,6.92,59301.48,43983.52,15317.96
"Central America and the Caribbean","Costa Rica",Cosmetics,Offline,H,2/27/2012,383175504,3/19/2012,9001,437.20,263.33,3935237.20,2370233.33,1565003.87
"Sub-Saharan Africa","Cote d'Ivoire","Baby Food",Offline,C,8/21/2013,412708556,10/9/2013,8488,255.28,159.42,2166816.64,1353156.96,813659.68
"Central America and the Caribbean","Saint Vincent and the Grenadines","Personal Care",Online,L,3/6/2016,752893769,3/15/2016,6852,81.73,56.67,560013.96,388302.84,171711.12
"Middle East and North Africa",Somalia,Cereal,Offline,L,5/18/2012,894404971,5/31/2012,3161,205.70,117.11,650217.70,370184.71,280032.99
Europe,Albania,Meat,Online,C,1/13/2011,848228490,2/15/2011,8515,421.89,364.69,3592393.35,3105335.35,487058.00
"Australia and Oceania",Australia,Household,Online,L,8/29/2010,695663154,9/29/2010,1041,668.27,502.54,695669.07,523144.14,172524.93
"Middle East and North Africa",Syria,"Office Supplies",Online,H,10/30/2010,138320291,12/1/2010,903,651.21,524.96,588042.63,474038.88,114003.75
"Sub-Saharan Africa","Central African Republic",Meat,Online,L,12/20/2015,748123729,2/7/2016,5291,421.89,364.69,2232219.99,1929574.79,302645.20
"Central America and the Caribbean",Honduras,Meat,Online,M,6/3/2016,117309796,6/9/2016,3430,421.89,364.69,1447082.70,1250886.70,196196.00
"Sub-Saharan Africa",Eritrea,Cereal,Online,H,12/17/2014,408427321,1/7/2015,1575,205.70,117.11,323977.50,184448.25,139529.25
"Sub-Saharan Africa","Cape Verde","Personal Care",Online,M,6/2/2015,704337632,6/23/2015,8012,81.73,56.67,654820.76,454040.04,200780.72
Europe,Slovakia,Household,Offline,L,5/3/2011,158214557,5/23/2011,8058,668.27,502.54,5384919.66,4049467.32,1335452.34
Asia,China,"Office Supplies",Online,M,6/18/2012,243544423,8/7/2012,9062,651.21,524.96,5901265.02,4757187.52,1144077.50
"Central America and the Caribbean",Grenada,Vegetables,Offline,L,9/7/2010,704126060,10/4/2010,5403,154.06,90.93,832386.18,491294.79,341091.39
Europe,Lithuania,Vegetables,Online,M,2/4/2014,904070794,3/9/2014,3493,154.06,90.93,538131.58,317618.49,220513.09
Asia,Cambodia,Clothes,Offline,H,12/1/2012,277802455,1/7/2013,6775,109.28,35.84,740372.00,242816.00,497556.00
"Sub-Saharan Africa",Togo,Meat,Offline,M,8/5/2013,580057370,8/25/2013,721,421.89,364.69,304182.69,262941.49,41241.20
"Sub-Saharan Africa",Uganda,"Personal Care",Offline,L,4/8/2012,935884368,4/13/2012,7837,81.73,56.67,640518.01,444122.79,196395.22
"Sub-Saharan Africa",Liberia,Snacks,Offline,H,9/19/2013,990644776,10/15/2013,2658,152.58,97.44,405557.64,258995.52,146562.12
"Sub-Saharan Africa","Cape Verde",Cereal,Offline,L,6/7/2012,460012423,6/11/2012,6753,205.70,117.11,1389092.10,790843.83,598248.27
"Central America and the Caribbean","Saint Kitts and Nevis ",Beverages,Offline,C,7/15/2011,479973638,8/10/2011,3720,47.45,31.79,176514.00,118258.80,58255.20
Asia,"South Korea",Cosmetics,Online,L,6/6/2011,456827247,6/21/2011,4189,437.20,263.33,1831430.80,1103089.37,728341.43
"Middle East and North Africa",Syria,Fruits,Online,L,7/31/2013,317184579,8/9/2013,820,9.33,6.92,7650.60,5674.40,1976.20
"Sub-Saharan Africa",Zimbabwe,Clothes,Offline,C,9/27/2016,957969462,10/30/2016,3307,109.28,35.84,361388.96,118522.88,242866.08
"Sub-Saharan Africa",Angola,Beverages,Offline,M,2/21/2013,196418225,3/18/2013,3373,47.45,31.79,160048.85,107227.67,52821.18
Europe,Poland,Vegetables,Online,L,1/10/2015,420079696,1/23/2015,9772,154.06,90.93,1505474.32,888567.96,616906.36
"Middle East and North Africa",Iraq,Beverages,Offline,C,12/21/2012,936815202,1/29/2013,3291,47.45,31.79,156157.95,104620.89,51537.06
Asia,Philippines,Cereal,Offline,H,7/23/2017,224798572,8/20/2017,1748,205.70,117.11,359563.60,204708.28,154855.32
Europe,Greece,Clothes,Online,H,2/20/2010,882516133,3/17/2010,4990,109.28,35.84,545307.20,178841.60,366465.60
Europe,"United Kingdom",Cosmetics,Online,M,10/13/2014,178766715,10/21/2014,9898,437.20,263.33,4327405.60,2606440.34,1720965.26
Asia,Bhutan,"Baby Food",Offline,C,3/8/2011,402661645,3/31/2011,5384,255.28,159.42,1374427.52,858317.28,516110.24
"Central America and the Caribbean","Saint Lucia",Fruits,Offline,M,3/7/2014,313624751,4/26/2014,7388,9.33,6.92,68930.04,51124.96,17805.08
"Middle East and North Africa",Azerbaijan,"Personal Care",Online,M,12/16/2016,991392362,1/19/2017,3886,81.73,56.67,317602.78,220219.62,97383.16
"Central America and the Caribbean","Saint Vincent and the Grenadines",Beverages,Online,H,7/22/2017,886013305,7/30/2017,9881,47.45,31.79,468853.45,314116.99,154736.46
Asia,Tajikistan,Household,Offline,L,1/27/2015,767848908,2/16/2015,2410,668.27,502.54,1610530.70,1211121.40,399409.30
"Australia and Oceania","New Zealand","Office Supplies",Online,L,6/18/2013,577573001,6/22/2013,5541,651.21,524.96,3608354.61,2908803.36,699551.25
Europe,Norway,Household,Online,C,3/4/2010,776171910,3/12/2010,5371,668.27,502.54,3589278.17,2699142.34,890135.83
"Middle East and North Africa",Turkey,Beverages,Online,C,1/25/2015,994944465,2/14/2015,5032,47.45,31.79,238768.40,159967.28,78801.12
"Australia and Oceania",Kiribati,Cosmetics,Online,M,5/12/2016,485501992,6/19/2016,9683,437.20,263.33,4233407.60,2549824.39,1683583.21
Europe,Norway,Beverages,Online,L,9/14/2014,369768321,11/3/2014,1518,47.45,31.79,72029.10,48257.22,23771.88
"Central America and the Caribbean","Saint Kitts and Nevis ",Fruits,Offline,L,10/15/2011,489979779,10/23/2011,4760,9.33,6.92,44410.80,32939.20,11471.60
"Sub-Saharan Africa","Equatorial Guinea",Fruits,Online,C,3/5/2014,758685195,3/6/2014,664,9.33,6.92,6195.12,4594.88,1600.24
"Sub-Saharan Africa","Seychelles ",Clothes,Offline,C,5/5/2014,708745896,6/7/2014,2515,109.28,35.84,274839.20,90137.60,184701.60
Europe,"Vatican City",Beverages,Online,C,3/8/2017,843335711,4/22/2017,633,47.45,31.79,30035.85,20123.07,9912.78
Asia,Vietnam,"Office Supplies",Online,H,7/10/2013,385940968,8/19/2013,7364,651.21,524.96,4795510.44,3865805.44,929705.00
Europe,Sweden,Cosmetics,Offline,L,3/5/2014,430360496,3/16/2014,2089,437.20,263.33,913310.80,550096.37,363214.43
Europe,Belarus,Household,Online,M,11/15/2015,790705621,11/30/2015,6219,668.27,502.54,4155971.13,3125296.26,1030674.87
"Central America and the Caribbean","Dominican Republic",Household,Online,H,8/17/2012,451400172,10/2/2012,8197,668.27,502.54,5477809.19,4119320.38,1358488.81
Europe,Germany,"Personal Care",Offline,C,9/2/2014,717180478,9/13/2014,8496,81.73,56.67,694378.08,481468.32,212909.76
"Australia and Oceania",Palau,Beverages,Online,M,5/9/2014,263095366,5/15/2014,4620,47.45,31.79,219219.00,146869.80,72349.20
"Central America and the Caribbean","Saint Lucia",Cereal,Online,C,9/2/2012,984506165,10/13/2012,6107,205.70,117.11,1256209.90,715190.77,541019.13
Asia,Kazakhstan,Vegetables,Offline,M,6/21/2015,347086703,7/2/2015,9523,154.06,90.93,1467113.38,865926.39,601186.99
"Sub-Saharan Africa","Central African Republic",Clothes,Online,H,7/8/2014,836823308,8/7/2014,3468,109.28,35.84,378983.04,124293.12,254689.92
Europe,"United Kingdom",Clothes,Online,M,12/31/2013,510014808,2/14/2014,3570,109.28,35.84,390129.60,127948.80,262180.80
Europe,Cyprus,Cosmetics,Offline,M,8/8/2011,643272531,8/26/2011,7492,437.20,263.33,3275502.40,1972868.36,1302634.04
Europe,"Bosnia and Herzegovina",Cereal,Online,C,6/5/2017,783520305,7/25/2017,9925,205.70,117.11,2041572.50,1162316.75,879255.75
"Central America and the Caribbean",Barbados,Vegetables,Offline,L,5/9/2012,997994458,5/13/2012,7593,154.06,90.93,1169777.58,690431.49,479346.09
"Central America and the Caribbean",Cuba,Snacks,Online,L,5/28/2012,524243819,7/2/2012,4251,152.58,97.44,648617.58,414217.44,234400.14
"Sub-Saharan Africa",Djibouti,Fruits,Offline,C,12/15/2011,920129716,12/19/2011,5685,9.33,6.92,53041.05,39340.20,13700.85
"Sub-Saharan Africa",Guinea,Fruits,Online,M,3/19/2010,213825976,4/6/2010,4713,9.33,6.92,43972.29,32613.96,11358.33
Europe,Greece,"Office Supplies",Online,C,1/17/2015,553818929,3/1/2015,6183,651.21,524.96,4026431.43,3245827.68,780603.75
"Central America and the Caribbean","Antigua and Barbuda ","Office Supplies",Offline,C,6/8/2016,558907401,7/12/2016,1975,651.21,524.96,1286139.75,1036796.00,249343.75
Europe,Albania,"Office Supplies",Online,M,1/7/2013,268202722,1/15/2013,6000,651.21,524.96,3907260.00,3149760.00,757500.00
"Sub-Saharan Africa","Sao Tome and Principe","Baby Food",Offline,H,11/4/2015,691128718,11/29/2015,9201,255.28,159.42,2348831.28,1466823.42,882007.86
Europe,Sweden,Vegetables,Online,C,4/22/2014,657421720,4/24/2014,4551,154.06,90.93,701127.06,413822.43,287304.63
"Sub-Saharan Africa",Nigeria,Household,Offline,M,3/26/2010,867130553,5/15/2010,2055,668.27,502.54,1373294.85,1032719.70,340575.15
Europe,Germany,"Baby Food",Offline,H,1/31/2014,740616548,3/10/2014,3749,255.28,159.42,957044.72,597665.58,359379.14
"Australia and Oceania","Federated States of Micronesia","Personal Care",Online,H,11/18/2010,668553531,12/15/2010,8701,81.73,56.67,711132.73,493085.67,218047.06
Europe,Kosovo,Cosmetics,Offline,M,12/31/2016,661927831,2/10/2017,8009,437.20,263.33,3501534.80,2109009.97,1392524.83
"Sub-Saharan Africa","Sao Tome and Principe",Snacks,Offline,H,10/21/2015,802038276,11/30/2015,9804,152.58,97.44,1495894.32,955301.76,540592.56
Europe,Latvia,Fruits,Offline,C,6/11/2014,790496194,7/31/2014,4245,9.33,6.92,39605.85,29375.40,10230.45
Europe,"San Marino",Cosmetics,Online,M,5/4/2017,399225413,6/6/2017,8526,437.20,263.33,3727567.20,2245151.58,1482415.62
Europe,"Moldova ",Fruits,Offline,M,11/4/2014,820462262,11/20/2014,1871,9.33,6.92,17456.43,12947.32,4509.11
"Australia and Oceania",Tuvalu,Cosmetics,Online,H,4/18/2017,616755568,5/1/2017,533,437.20,263.33,233027.60,140354.89,92672.71
"Sub-Saharan Africa",Liberia,Fruits,Online,L,5/20/2013,670966660,5/22/2013,2800,9.33,6.92,26124.00,19376.00,6748.00
"Sub-Saharan Africa",Niger,"Baby Food",Online,C,10/17/2011,136269366,10/17/2011,3989,255.28,159.42,1018311.92,635926.38,382385.54
Asia,India,Clothes,Online,H,9/14/2014,486150014,10/20/2014,1447,109.28,35.84,158128.16,51860.48,106267.68
"Sub-Saharan Africa",Benin,Snacks,Online,M,12/30/2013,564407432,1/26/2014,9556,152.58,97.44,1458054.48,931136.64,526917.84
"Australia and Oceania","Marshall Islands",Fruits,Online,L,3/12/2010,635152947,3/16/2010,4726,9.33,6.92,44093.58,32703.92,11389.66
Europe,"Moldova ",Vegetables,Offline,C,3/30/2016,132810389,5/6/2016,400,154.06,90.93,61624.00,36372.00,25252.00
"Central America and the Caribbean","Dominican Republic",Beverages,Online,M,11/12/2015,812116086,11/20/2015,2052,47.45,31.79,97367.40,65233.08,32134.32
Europe,Austria,Cereal,Online,H,10/7/2012,898118865,11/15/2012,2185,205.70,117.11,449454.50,255885.35,193569.15
"Middle East and North Africa",Yemen,"Personal Care",Offline,H,9/28/2011,936180055,10/10/2011,5337,81.73,56.67,436193.01,302447.79,133745.22
"Sub-Saharan Africa",Benin,Vegetables,Online,C,11/3/2014,641973483,11/3/2014,3075,154.06,90.93,473734.50,279609.75,194124.75
Europe,"Vatican City",Beverages,Offline,L,1/17/2010,251485478,2/27/2010,8996,47.45,31.79,426860.20,285982.84,140877.36
"Middle East and North Africa","Tunisia ",Cosmetics,Offline,H,11/26/2012,971014869,12/2/2012,3733,437.20,263.33,1632067.60,983010.89,649056.71
